2268 3952
193 310 291 360 186
820 320 1209 357 Anao-saon
1250 319 1471 356 nr'ruAL.

187 434 265 486 V’.
307 434 355 486 A
394 434 518 488 solis
544 440 680 487 ortu.
761 434 841 486 R'.
885 434 1025 487 Ecce
1064 434 1210 504 virgo
1249 433 1525 504 concipiet.
1602 433 1683 486 V'.
1724 433 1938 487 Tollite.
2016 431 2099 484 R'.

187 538 435 602 Obsecro,
480 538 724 592 Domine.
801 539 881 591 V'.
923 539 973 591 A
1001 538 1125 592 solis
1160 546 1294 591 ortu.
1387 538 1467 591 R'.
1498 539 1778 593 Laetentur
1802 539 1939 594 coeli.
2014 538 2096 591 V'.

188 644 327 697 Ecce
351 643 658 697 dominator.
2083 646 2086 651 '

257 750 355 819 (2)
398 749 464 802 IN
492 766 784 803 LAUmBUs.
862 750 941 801 A'.
972 749 1035 802 In
1052 748 1143 803 illa
1167 749 1267 803 die.
1347 751 1429 804 A'.
1455 751 1768 805 Jocundare.
1847 750 1929 803 A’.
1957 748 2099 802 Ecce

183 855 445 909 Dominus
494 855 684 909 veniet.
761 855 840 906 A’.
881 853 1082 908 Omnes
1123 853 1363 907 seientes·
1455 855 1538 908 A'.
1580 854 1720 909 Eece
1753 855 1930 909 veniet
1977 873 2100 925 pro-

182 962 356 1033 pheta.
432 962 512 1014 V’.
554 960 753 1014 Emitte
779 978 989 1029 agnum,
1019 958 1265 1014 Domine.
1343 961 1424 1013 A'.
1456 960 1686 1032 Spiritus
1713 970 1942 1015 sanetuS.
2018 960 2100 1013 A'.

186 1069 270 1123 Ne
310 1069 509 1131 timea8‚
555 1067 742 1121 Maria.
835 1067 914 1119 A’.
956 1066 1181 1130 Betlem,
1218 1084 1324 1119 non
1362 1085 1419 1120 es
1456 1067 1685 1122 minima.
1785 1068 1868 1121 R’.
1908 1067 2106 1121 Hieru-

184 1173 345 1227 salem
398 1174 517 1226 cito.
595 1172 672 1223 V'.
715 1170 930 1233 israhel,
982 1170 1026 1223 si
1076 1188 1160 1224 me
1198 1170 1443 1226 audieriS.
1523 1173 1605 1225 R’.
1646 1172 1787 1226 Eece
1839 1173 2102 1228 Dominus

182 1277 356 1330 veniet
395 1284 449 1328 et
489 1293 669 1329 omnes
722 1275 902 1329 sancti.
996 1276 1074 1327 V'.
1115 1276 1167 1328 A
1206 1275 1331 1329 solis
1376 1285 1511 1331 ortu.
1621 1280 1703 1332 R'.
1746 1280 2101 1345 Hierusalem,
2199 1274 2205 1278 ⁵

183 1399 353 1451 surge.
429 1381 508 1432 V’.
538 1380 683 1433 Leva
718 1380 772 1432 in
799 1379 1039 1433 circuitu.
1119 1381 1198 1434 R'.
1228 1382 1429 1436 Civitas
1453 1384 1763 1440 Jerusalem.
1840 1385 1922 1438 V'.
1962 1384 2104 1438 Ecce

181 1488 487 1541 dominator.
579 1486 660 1538 R’.
703 1486 842 1539 Ecce
889 1486 1065 1539 veniet
1114 1487 1393 1541 Dominus.
1496 1489 1575 1541 V'.
1613 1489 1753 1543 Eece
1792 1489 2103 1544 dominator.

185 1593 265 1644 R'.
314 1592 462 1644 Sicut
510 1599 689 1644 mater.
780 1590 861 1643 V’.
904 1591 1054 1645 Deus
1101 1609 1133 1644 a
1178 1592 1400 1646 Libano.
1494 1594 1575 1646 R’.
1614 1594 1909 1649 Jerusalem
1954 1595 2109 1677 plan:

182 1697 331 1750 tabis.
430 1697 509 1748 V'.
549 1696 699 1749 Deus
749 1714 780 1749 a
831 1696 1051 1749 Libano·
1146 1696 1228 1749 R'.
1269 1697 1588 1768 Egredietur
1638 1701 1918 1755 Dominus.
2020 1703 2104 1755 V'.
2203 1684 2207 1692 ’

182 1802 331 1855 Deus
357 1821 388 1855 a
413 1803 633 1857 Libano.
713 1805 792 1857 R'.
836 1805 955 1858 Rex
981 1812 1162 1859 noster
1187 1805 1390 1858 adveni.
1467 1806 1547 1860 V'.
1588 1807 1728 1863 Ecce
1754 1827 1922 1880 agnus
1949 1811 2069 1865 Dei.

258 1906 355 1976 (3.)
399 1906 464 1958 IN
492 1925 781 1961 LAUDIBUS.
859 1911 939 1961 A'.
970 1909 1110 1963 Ecce
1137 1909 1193 1963 in
1210 1911 1479 1966 nubilibus
1505 1913 1640 1966 coeli.
1719 1915 1799 1967 A’.
1831 1917 1974 1971 Urbs
1999 1918 2103 1972 for-

179 2011 433 2066 titudinis.
511 2016 590 2067 A'.
620 2016 758 2070 Eece
778 2019 1058 2088 apparebo.
1136 2018 1220 2072 A'.
1262 2018 1482 2073 Montes
1508 2027 1563 2074 et
1588 2020 1764 2075 colles.
1841 2022 1924 2076 A’.
1965 2024 2104 2078 Ecce

184 2117 445 2172 Dominus
471 2128 661 2173 noster.
739 2123 818 2174 A'.
842 2123 1013 2194 Super
1032 2122 1222 2177 solium
1243 2124 1434 2178 David.
1512 2127 1593 2178 A'.
1624 2126 1793 2181 Beata
1817 2146 1889 2193 eS‚
1913 2129 2104 2184 Maria.

1095 2285 1198 2327 111³.

256 2378 352 2445 (1.)
395 2379 474 2430 A'.
529 2379 650 2431 Non
677 2380 947 2434 auferetur
972 2390 1255 2453 sceptrum.
1341 2384 1420 2438 R’.
1462 2387 1608 2440 Eece
1652 2390 1945 2458 apparebit.
2023 2391 2103 2444 V'.

186 2482 324 2536 Ecce
350 2483 659 2538 dominator.
737 2487 819 2539 R'.
849 2488 1058 2541 Betlem
1085 2490 1283 2545 civitas.
1362 2493 1444 2546 R'.
1484 2493 1637 2548 Deus
1663 2513 1695 2548 a
1722 2494 1943 2548 Libano.
2022 2494 2104 2548 R'.

185 2587 294 2648 Qui
318 2597 568 2643 venturus
613 2599 706 2644 est.
802 2593 881 2646 V'.
924 2594 971 2647 E
1000 2595 1148 2649 Xion
1186 2598 1405 2668 speeies.
1487 2600 1567 2653 R'.
1611 2601 1833 2671 Suscipe
1869 2602 2103 2654 verbum.

188 2692 272 2746 V’.
312 2694 427 2747 Ave
474 2695 662 2749 Maria.
742 2698 822 2751 R.
865 2699 1060 2772 Egipte
1103 2703 1228 2756 noli.
1304 2705 1385 2757 V’.
1427 2706 1568 2760 Eece
1611 2707 1921 2762 dominator.

191 2797 363 2869 Prope
382 2808 476 2853 est.
553 2802 631 2854 V’.
660 2803 770 2865 Qui
795 2814 1049 2862 venturus
1076 2818 1171 2863 est.
1238 2811 1321 2864 R'.
1349 2812 1655 2868 Descendet
1670 2815 1949 2869 Dominus.
2025 2815 2108 2868 V'-

193 2902 241 2954 E
269 2903 429 2956 Xion.
526 2906 608 2959 R’.
647 2908 801 2972 Veni,
836 2911 1081 2978 Domine,
1129 2923 1184 2969 et
1222 2915 1345 2969 noli.
1425 2917 1508 2970 V’.
1550 2918 1601 2970 A
1646 2918 1771 2972 solis
1810 2925 1945 2972 ortu.
2025 2918 2107 2972 R'.

194 3004 421 3062 Docebit
446 3028 555 3064 nos.
631 3012 712 3065 V'.
754 3014 800 3066 E
829 3016 991 3070 Xion.

959 3187 1019 3222 IN
1059 3188 1349 3227 LAUDIBUS·

2078 2654 2247 3109 ξ

2200 3117 2246 3264 ξ

272 3291 370 3359 (1.)
413 3291 493 3343 A'.
531 3292 724 3348 Veniet
759 3296 1035 3353 Dominus,
1113 3302 1193 3354 A'.
1232 3302 1527 3358 Jerusalem
1569 3307 1755 3377 gaude.
1831 3308 1914 3362 A’.
1954 3309 2110 3364 Dabo
2200 3272 2244 3387 ἵ

197 3391 250 3444 ἰιι
297 3393 436 3447 Sion.
513 3398 595 3451 A'.
636 3397 852 3457 Montes
890 3413 944 3458 et
988 3424 1169 3461 omnes
1208 3409 1385 3464 colles.
1465 3413 1547 3465 A’.
1586 3413 1740 3467 Juste
1766 3420 1821 3467 et
1845 3413 1946 3485 pie.
2024 3415 2106 3469 A'.

197 3496 459 3553 Johannes
484 3511 674 3557 autem.
751 3508 832 3561 A'.
873 3509 961 3562 Tu
988 3530 1044 3566 es
1072 3514 1162 3584 qui
1189 3501 1441 3570 venturus
1469 3536 1540 3572 es.
