2268 3952
794 264 1183 303 ,mono-saxon
1224 270 1441 307 m'ruAL.
1966 263 2065 314 129

120 378 128 387 '
221 373 323 442 (8.)
368 373 574 427 Sanctis
600 375 1060 446 intercedentibus,
1094 384 1322 449 Christe,
1345 394 1553 440 tuorum
1591 385 1788 451 electis,
1817 405 2063 444 succurre

145 475 293 530 nobis
318 477 648 549 omnipotens
675 480 952 537 Dominus,

739 682 1074 720 BENEDICTIO
1114 686 1213 723 LAc
1253 686 1284 741 7
1327 687 1458 721 MEL.

39 876 43 886 ,
214 809 315 879 (1.)
371 808 619 872 Benedic,
661 811 905 876 Domine,
953 821 1007 867 et
1050 814 1144 867 has
1185 823 1451 869 creaturas
1491 815 1653 869 fontis
1703 823 1757 868 et
1798 815 1950 869 lactis
1999 825 2054 870 et

36 946 39 978 3
138 912 322 977 menia,
370 920 425 967 et
466 922 591 984 pota
633 914 858 970 famulos
903 926 1022 971 tuos
1067 919 1133 972 de
1174 919 1274 972 hoc
1318 920 1464 972 fonte
1508 936 1754 990 perenne,
1783 920 1924 988 quod
1973 928 2054 973 est

37 1025 39 1032 ’
137 1016 350 1088 spiritus
388 1018 638 1083 veritatiS,
682 1028 736 1073 et
777 1022 950 1075 enutri
996 1041 1086 1076 eos
1131 1023 1197 1077 de
1248 1024 1348 1076 hoc
1389 1023 1545 1076 melle
1571 1030 1626 1076 et
1668 1022 1818 1075 lacte.
1859 1027 1924 1091 »Β
1963 1024 2052 1076 Tu

40 1174 42 1178 .
134 1121 287 1186 enim,
315 1123 560 1187 Domine,
589 1142 685 1194 pro
720 1125 890 1177 crucis
917 1133 1026 1178 tuae
1065 1125 1156 1195 qui
1182 1143 1276 1179 nos
1301 1125 1569 1179 redemisti
1596 1126 1917 1195 portavimus
1943 1135 2050 1181 tam

41 1251 46 1259 ⁴
131 1225 185 1280 in
222 1227 391 1281 fronte
417 1247 573 1300 quam
592 1233 657 1299 »Β
676 1230 731 1282 in
757 1230 912 1284 corde
944 1239 1127 1284 contra
1166 1231 1386 1284 astutias
1426 1230 1625 1283 inimici
1651 1230 1900 1284 vexillum
1929 1232 2050 1286 fidei

43 1401 46 1406 ἦ
129 1339 184 1386 et
231 1332 464 1387 veritatis
513 1335 579 1388 ad
628 1344 860 1388 nostram
896 1335 1135 1399 salutem,
1184 1335 1308 1406 quia
1351 1334 1585 1406 proinde,
1635 1335 1879 1398 Domine,
1920 1354 2045 1407 sup-

129 1434 297 1490 liciter
337 1445 390 1491 te
440 1456 687 1508 rogamus
728 1440 936 1510 signum
958 1443 1022 1508 »Β
1049 1447 1247 1493 sanctae
1288 1440 1458 1492 crucis
1499 1447 1607 1492 tuae
1652 1448 1706 1493 et
1751 1440 1959 1510 signum
1981 1445 2045 1509 »Β

33 1527 38 1534 ’
129 1540 418 1595 sanctitatis
445 1550 567 1596 tuae.
649 1543 868 1613 Signum
887 1547 951 1612 »Β
973 1545 1079 1597 Dei
1106 1544 1224 1597 vivi.
1293 1544 1513 1613 Signum
1529 1548 1593 1612 »Β
1615 1553 1832 1599 aeternae
1851 1546 2050 1599 salutis.

36 1651 38 1656 ’
129 1643 348 1716 Signum
375 1650 439 1715 »Β
476 1648 648 1701 beatae
700 1648 993 1702 Trinitatis.
1098 1648 1320 1718 Signum
1371 1651 1436 1716 »Β
1478 1648 1663 1718 gloriae
1730 1649 2040 1702 coelestium.

128 1749 346 1821 Signum
369 1755 434 1820 »Β
463 1752 747 1806 Salvatoris
787 1753 984 1806 domini
1018 1753 1183 1806 nostri
1220 1753 1251 1806 J
1255 1770 1350 1805 esu
1377 1751 1592 1805 Christi.
1672 1754 1820 1807 Crux
1839 1757 1904 1823 »Β
1932 1754 2046 1807 Sal-

32 1848 46 1881 3
122 1855 313 1909 vatoris
338 1855 538 1910 Christi
557 1857 971 1927 patriarcharum
989 1860 1068 1925 »Β.
1110 1858 1256 1910 Crux
1279 1860 1344 1924 »Β
1362 1856 1750 1926 prophetarum.
1814 1858 1958 1911 Crux
1977 1862 2042 1928 »Β

125 1961 492 2032 apostolorum.
548 1963 695 2016 Crux
714 1966 778 2031 »Β
793 1970 1096 2033 martyrum.
1143 1962 1291 2015 Crux
1309 1964 1373 2030 »Β
1394 1959 1765 2013 confessorum.
1813 1962 1960 2014 Crux
1982 1966 2045 2031 »Β

124 2065 456 2149 eclessiarum
484 2067 602 2121 Dei.
681 2069 828 2121 Crux
851 2071 915 2136 »Β
936 2068 1297 2120 universorum
1339 2064 1666 2119 credentium
1716 2064 1770 2117 in
1809 2074 2042 2119 sanctam

32 2173 35 2183 ²
122 2167 437 2227 Trinitatem
456 2190 517 2225 ac
542 2172 842 2242 perfectam.
884 2172 989 2234 Tu,
1012 2170 1257 2232 Domine,
1279 2188 1336 2222 es
1357 2169 1448 2239 qui
1467 2169 1561 2221 das
1576 2169 1791 2232 animas,
1818 2170 1884 2224 da
1903 2170 2040 2224 salu-

121 2280 241 2328 tem.
319 2275 423 2329 Per
448 2276 657 2346 signum
680 2280 745 2344 »Β
771 2275 940 2328 crucis
967 2283 1092 2338 tuae,
1131 2282 1192 2327 ut
1217 2273 1272 2326 in
1297 2248 1427 2327 locis
1451 2291 1513 2327 ac
1538 2273 1779 2327 domibus
1805 2274 2039 2328 fidelium

121 2377 211 2432 ubi
235 2396 362 2433 crux
393 2383 457 2449 »Β
483 2381 584 2434 ista
609 2389 915 2451 permaneat
953 2381 1203 2450 fugantur
1232 2378 1495 2441 demones,
1533 2387 1588 2431 et
1623 2379 1902 2432 inmundos
1937 2380 2042 2450 spi-

121 2482 252 2537 ritus
288 2502 351 2538 ac
398 2485 692 2555 pestiferos,
744 2486 978 2556 expellet
1027 2484 1264 2537 inimicos
1324 2485 1654 2554 morbosque,
1717 2493 1931 2538 careant
1983 2494 2038 2537 et

118 2584 353 2641 inmundi
397 2588 613 2658 spiritus
653 2588 871 2641 adversa
910 2595 1171 2658 potestate
1212 2586 1523 2656 cognatione
1562 2595 1670 2640 tuae
1705 2588 1943 2658 depulsae
1980 2596 2037 2641 et

118 2689 309 2744 virtute
349 2691 727 2745 benedictionis
772 2700 879 2744 tuae
925 2691 1007 2744 sit.
1086 2691 1377 2783 Benedicta
1404 2693 1468 2759 »Β
1494 2690 1820 2744 sanctificata
1862 2692 2035 2763 adque

30 2827 33 2836 ι
119 2795 369 2849 mundata
394 2803 455 2849 ut
478 2795 533 2848 in
560 2814 893 2867 quocumque
938 2795 1052 2849 loco
1092 2794 1199 2847 fixa
1237 2800 1447 2846 maneat
1491 2801 1546 2846 et
1588 2794 1643 2846 in
1682 2794 1892 2848 nomine
1943 2803 2035 2847 tuo

119 2914 297 2955 omnes
323 2918 483 2955 vanos
509 2909 734 2955 terrores
753 2919 848 2954 seu
872 2899 1187 2953 meridianos
1212 2899 1385 2969 adque
1405 2905 1707 2961 nocturnoS,
1742 2898 2034 2952 animarum

118 3019 326 3057 suarum
356 3012 413 3058 et
445 3023 722 3077 corporum
748 3014 804 3060 et
828 3006 1021 3077 pignus
1065 3002 1356 3075 spelndoris
1397 3020 1458 3055 ac
1502 3011 1717 3055 aeternae
1743 3001 2036 3055 dulcedinis

34 3146 40 3151 .
65 3086 70 3092 .
119 3106 518 3174 promissionum
562 3117 772 3163 tuarum
815 3109 967 3162 mitte
1011 3109 1066 3160 in
1105 3126 1195 3169 ea;
1240 3106 1469 3176 petimus
1515 3106 1758 3176 spiritum
1796 3112 2033 3158 sanctum

118 3215 267 3262 tuum
296 3210 644 3277 Paracletum,
673 3214 764 3285 qui
790 3222 845 3267 et
871 3213 990 3267 illos
1017 3212 1108 3282 qui
1134 3212 1232 3263 hoc
1251 3210 1578 3279 gustaverint
1602 3207 1879 3261 dulcedine
1905 3208 2036 3260 cari-

118 3312 240 3368 tatis
267 3322 377 3370 tuae
401 3317 620 3371 fervoris
646 3318 913 3382 accendat,
945 3326 1000 3371 et
1023 3317 1170 3370 albor
1203 3314 1496 3368 sanctitatis
1515 3313 1570 3364 in
1596 3310 1853 3365 munditia
1877 3329 2036 3382 super

1792 3432 1816 3466 s
