2268 3952
228 300 328 348 14⁶2
862 309 1251 345 ANGLo-SAXON
1294 310 1512 345 arrum„

489 539 552 604 »Β
580 553 640 588 IN
681 551 895 587 NATALE
936 551 1110 587 UNIUS
1148 551 1413 588 APOSTOLI
1453 552 1555 587 VEL
1594 552 1892 589 MARTYRIS.

315 661 412 730 (1.)
473 660 639 722 Deus,
692 659 783 730 qui
833 677 890 711 es
941 657 1175 710 omnium
1226 666 1526 712 sanctorum
1582 659 1830 730 splendor
1878 659 2145 721 mirabiliS,

221 769 417 839 quique
443 767 579 819 hanc
603 764 743 817 diem
768 763 911 816 beati
937 763 1163 834 apostoli
1201 764 1294 827 tui,
1336 764 1493 827 illius,
1531 765 1779 836 martyrio
1811 764 2143 828 consecrasti,

221 873 289 926 da
331 871 569 926 ecclesiae
621 879 730 924 tuae
780 870 846 923 de
898 871 1013 940 ejus
1063 870 1302 924 natalitio
1353 890 1560 942 semper
1607 873 1853 943 gaudere,
1897 879 1957 924 ut
2004 870 2145 941 apud

221 978 630 1032 misericordiam
655 987 801 1032 tuam
827 976 1085 1047 exemplis
1111 977 1225 1047 ejus
1250 985 1590 1048 protegamur
1615 986 1670 1032 et
1694 978 1909 1042 meritis,
1937 996 2032 1048 per

835 1187 1047 1233 LECTIO,
1088 1171 1196 1222 LIB’
1235 1187 1541 1222 SAPIENTIA.

295 1295 394 1368 (1.)
437 1298 637 1351 Beatus
680 1295 760 1349 vir
811 1295 903 1367 qui
944 1295 1191 1348 inventus
1242 1302 1324 1347 est
1371 1294 1486 1348 sine
1535 1295 1758 1359 macula,
1801 1303 1855 1349 et
1893 1296 1985 1367 qui
2027 1305 2148 1367 post

220 1421 407 1456 aurum
432 1422 538 1456 non
568 1402 711 1466 abiit,
740 1420 838 1455 nec
870 1400 1101 1472 speravit
1137 1400 1380 1471 pecuniae
1419 1400 1695 1454 thesauris·
1774 1401 1910 1463 Quis
1936 1411 2018 1455 est
2043 1402 2145 1465 hie,

217 1518 272 1563 et
297 1509 627 1563 laudabimus
652 1527 788 1572 eum,
816 1508 944 1561 fecit
970 1506 1110 1561 enim
1136 1506 1394 1560 mirabilia
1431 1506 1485 1559 in
1523 1506 1631 1560 vita
1668 1525 1794 1571 sua3
1835 1506 1927 1577 qui
1953 1507 2148 1578 poterit

221 1614 530 1684 transgredi,
588 1622 644 1668 et
692 1633 799 1667 non
852 1622 934 1667 est
988 1623 1361 1684 transgressus,
1414 1622 1469 1667 et
1518 1614 1688 1667 faeere
1737 1613 1889 1676 mala,
1942 1621 1996 1666 et
2042 1632 2147 1666 non

217 1719 359 1773 feeit„
436 1719 562 1801 Ideo
589 1720 796 1774 stabilia
830 1727 954 1773 sunt
988 1721 1129 1773 bona
1161 1719 1304 1772 illius
1338 1718 1393 1771 in
1429 1719 1677 1784 Domine,
1709 1728 1763 1773 et
1788 1719 2146 1791 eleemosynas

219 1826 361 1880 illius
386 1824 650 1880 enarrabit
675 1823 844 1878 omnis
869 1823 1092 1877 eeclesia
1117 1831 1431 1877 sanctorum.

849 2032 1155 2067 SECUNDUM
1190 2033 1377 2068 JOHAN
1385 2033 1522 2068 NEM.

295 2144 393 2214 (1.)
436 2142 501 2195 In
551 2142 642 2195 illo
692 2150 928 2212 tempore
977 2142 1112 2195 dixit
1160 2142 1317 2195 Jesus
1367 2142 1641 2213 discipulis
1692 2144 1816 2208 suis,
1896 2145 2018 2198 Hoc
2063 2155 2146 2199 est

219 2256 530 2339 preceptum
567 2266 761 2312 meum,
808 2256 869 2300 ut
910 2248 1142 2318 diligatis
1176 2248 1416 2312 invicem,
1463 2248 1600 2302 sicut
1637 2250 1799 2304 dilexi
1838 2270 1945 2305 νοε.
2024 2252 2147 2305 Ma-

211 2355 382 2425 jorem
407 2354 723 2408 dilexionem
749 2373 904 2407 nemo
930 2355 1108 2418 habet,
1135 2353 1209 2407 'ut
1244 2352 1472 2407 animam
1511 2372 1660 2407 suam
1697 2364 1862 2425 ponat
1895 2357 2014 2428 quis
2048 2376 2143 2429 pro

217 2460 398 2514 amieis
425 2460 550 2514 suis.
625 2461 736 2514 Vos
773 2460 928 2514 amici
960 2460 1064 2513 mei
1102 2459 1244 2523 estiS,
1285 2460 1330 2514 si
1366 2459 1594 2514 feceritis
1633 2479 1739 2554 que
1777 2480 1875 2532 ego
1912 2463 2145 2536 precipio

218 2568 379 2621 vobis.
453 2567 573 2620 Jam
610 2583 715 2618 non
753 2564 922 2618 dicam
960 2583 1052 2618 vos
1091 2583 1283 2629 serVOS,
1321 2564 1446 2636 quia
1483 2565 1649 2619 nescit
1684 2566 1812 2637 quid
1841 2567 1998 2622 faciat
2031 2569 2143 2623 Do-

217 2674 392 2727 minus
442 2674 588 2743 ejus3
639 2690 731 2724 vos
780 2682 957 2725 autem
998 2670 1109 2723 dixi
1153 2671 1364 2735 amieos,
1417 2671 1542 2743 quia
1590 2673 1766 2726 omnia
1810 2692 2142 2746 quecumque

219 2778 394 2830 audivi
433 2781 463 2830 {1
500 2779 657 2832 Patre
690 2796 809 2831 meo
847 2786 973 2831 nota
1010 2777 1111 2830 feei
1150 2777 1324 2840 vobis;
1365 2796 1471 2830 non
1506 2796 1597 2831 vos
1636 2797 1720 2831 me
1762 2778 2011 2850 elegistiS,
2049 2781 2141 2834 sed

219 2903 317 2955 ego
358 2883 493 2954 elegi
538 2902 643 2946 vos,
691 2890 745 2935 et
788 2882 943 2954 posui
983 2901 1076 2936 vos
1123 2891 1185 2936 ut
1229 2883 1362 2936 eatis
1413 2891 1467 2936 et
1509 2884 1741 2937 fructum
1791 2885 2035 2950 afferatis,
2087 2896 2142 2941 et

217 2989 421 3043 fructus
470 2997 642 3041 vester
687 2994 910 3049 maneat,
964 2994 1025 3038 ut
1083 2986 1454 3057 quodcumque
1506 2988 1765 3058 petieritis
1821 2990 2033 3045 Patrem
2085 2993 2142 3047 in

220 3095 430 3148 nomine
454 3113 573 3147 meo
598 3094 689 3146 det
712 3091 875 3146 vobis.

1000 3280 1073 3315 An
1111 3264 1326 3318 COMPL’.

296 3389 392 3456 (1.)
434 3388 522 3441 Da
544 3388 711 3451 nobis,
741 3407 1044 3459 quesumus,
1075 3389 1304 3443 Domine
1331 3389 1483 3443 Deus
1521 3398 1713 3455 noster,
1749 3391 1890 3445 beati
1914 3394 2140 3465 apostoli

220 3490 314 3552 tui,
352 3489 510 3554 illius,
544 3491 1006 3547 intercessionibus
1054 3494 1331 3559 sublevari,
1371 3495 1432 3548 ut
1469 3513 1564 3566 per
1590 3515 1722 3567 quos
1757 3498 1996 3553 eeclesiae
2030 3509 2140 3553 tuae
