2268 3952
214 256 312 305 166
839 265 1230 301 Anam-saxon
1273 234 1495 301 airum„

818 382 892 422 8oe
962 383 1075 422 arlioe
1129 349 1324 433 *gibergass
1386 380 1576 432 lofsongas

821 434 904 487 Te
941 452 1095 487 mane
1122 434 1341 487 laudent
1365 433 1611 494 carmina,

832 518 905 559 Sec
1004 533 1048 558 ve
1065 517 1252 571 gibiddass
1362 518 1520 558 efenlioe

826 572 910 625 Te
946 571 1292 645 deprecamur
1328 588 1561 642 vespere,

828 657 903 697 {Sec
977 671 1065 697 vsra
1184 657 1394 709 gicvaemlic
1472 657 1615 709 pvldvr

829 710 913 763 Te
938 717 1118 763 nostra
1179 709 1406 785 suppler
1457 709 1626 780 gloria

814 794 914 835 ‘berh
1015 795 1089 835 alle
1198 794 1375 848 giberiass
1434 795 1594 847 porvlde

823 848 926 901 Per
965 858 1157 902 cuncta
1195 848 1376 902 laudat
1412 847 1604 902 secula.

1693 919 1886 972 Amen.

283 1076 381 1145 (1.)
425 1073 777 1144 Omnipotens
803 1073 956 1127 Deus
981 1090 1078 1127 sua
1097 1092 1189 1127 vos
1215 1073 1496 1127 clementia
1518 1072 1811 1136 benedicat,
1839 1081 1893 1125 et
1918 1090 2130 1125 sensum

204 1180 351 1233 vobis
377 1179 638 1270 sapientie
663 1178 907 1232 salutaris
933 1179 1191 1232 infundat.
1268 1180 1462 1232 AMEN.

280 1286 378 1355 (2.)
423 1282 703 1366 Catholice
743 1283 868 1337 fidei
911 1303 1005 1337 vos
1049 1284 1381 1355 documentis
1431 1283 1678 1347 enutriet,
1729 1292 1783 1338 et
1831 1282 1886 1337 in
1937 1281 2131 1336 sanctis

204 1389 450 1460 operibus
476 1406 567 1442 vos
593 1389 1004 1459 perseverabiles
1030 1389 1229 1444 reddat.
1307 1390 1500 1443 ΑΜΕΝ.

277 1495 375 1565 (3.)
418 1495 648 1547 Gressus
673 1502 877 1548 vestros
921 1496 987 1548 ab
1013 1513 1190 1548 errore
1228 1504 1515 1560 convertat,
1556 1503 1611 1549 et
1648 1494 1786 1548 viam
1812 1493 1960 1548 vobis
1986 1493 2132 1565 pacis

202 1609 257 1653 et
299 1599 532 1653 caritatis
571 1600 830 1653 ostendat.
906 1600 1079 1662 Quod
1118 1600 1232 1671 ipse
1282 1609 1518 1672 prestare
1559 1601 1822 1672 dignetur,
1876 1599 1967 1670 qui
2010 1617 2130 1652 cum

207 1706 365 1759 Patre
409 1714 465 1759 et
517 1705 720 1776 Spiritu
774 1706 969 1760 Sancto
1011 1707 1140 1760 vivit
1183 1715 1239 1760 et
1285 1707 1557 1778 gloriatur,
1611 1708 1763 1761 Deus
1813 1723 1908 1776 per
1957 1704 2134 1757 omnia

205 1811 382 1865 secula
407 1810 721 1864 seculorum.

707 1983 904 2035 onginnass
1015 1984 1266 2023 heafvdcvido
1338 1992 1377 2023 to
1500 1983 1575 2036 p‘m

664 2053 958 2089 INCIPIUNT
994 2053 1278 2090 CAPITULAE
1318 2054 1389 2088 AD
1428 2053 1670 2090 PRIMAM.

451 2173 568 2212 faeder
650 2176 749 2211 vser'
858 2172 915 2212 ὃν
970 2173 1043 2213 ιιι-’δ
1093 2175 1134 2213 in
1189 2174 1326 2213 heofnv

283 2225 381 2293 (1)
427 2224 585 2277 Pater
610 2233 803 2288 noster,
832 2226 924 2296 qui
974 2244 1031 2279 es
1082 2226 1137 2278 in
1187 2226 1335 2279 coelis

316 2322 343 2361 Ἰ
405 2309 461 2348 ὃν
507 2310 576 2349 laes
594 2310 678 2362 vsig
719 2362 730 2373 ⁸
768 2311 904 2362 gilaede
971 2313 1011 2350 in
1140 2319 1319 2373 costvnge

282 2361 355 2414 Et
406 2380 473 2415 ne
546 2381 642 2415 nos
717 2363 936 2416 mducas
961 2363 1016 2415 in
1043 2372 1460 2434 temptationem.

442 2448 491 2487 ah
586 2449 665 2488 ales
746 2449 831 2501 vsig
876 2449 971 2488 from
1054 2450 1132 2500 yfle

285 2501 364 2553 R'.
409 2500 513 2553 Sed
539 2500 704 2554 libera
741 2519 836 2555 nos
911 2521 943 2554 a
1014 2502 1168 2555 malo,

469 2614 548 2653 lifia
639 2614 741 2652 savel
822 2613 903 2653 min
960 2624 987 2665 Ἰ
1062 2613 1122 2652 ‘he
1170 2614 1206 2652 'a

288 2667 385 2736 (2.)
427 2666 575 2718 Vivit
601 2666 775 2719 anima
798 2684 918 2719 mea
943 2674 997 2718 et
1055 2683 1124 2718 au
1161 2669 1207 2718 a'

388 2781 421 2819 ic
462 2779 635 2818 ‘dvolade
703 2793 828 2825 ¹svaev
880 2779 959 2830 scip
1051 2778 1120 2817 zio
1189 2778 1317 2817 losade
1371 2816 1374 2819 .

285 2834 382 2901 (3.)
426 2793 611 2883 {navi
685 2831 823 2884 sicut
860 2831 970 2884 ovis
1009 2849 1130 2900 quae
1169 2830 1339 2901 periit.

425 2945 459 2983 ic
476 2944 597 2996 gelefo
649 2943 690 2983 in
800 2943 874 2995 god
990 2942 1110 2982 faeder
1325 2941 1429 2981 allm'
1674 2941 1871 2992 scaeppcnd
1946 2938 2053 2978 heof’

285 2997 383 3066 (4.)
427 2996 600 3050 Credo
637 2995 692 3048 in
731 2995 910 3048 Deum
938 2994 1152 3048 Patrem
1179 2994 1593 3064 omnipotentem
1622 3001 1909 3046 creatorem
1936 2992 2035 3045 celi

211 3105 353 3145 flaesces
371 3104 541 3143 ilichom
718 3109 819 3142 erest
1020 3101 1059 3141 in
1142 3101 1209 3141 life
1350 3114 1457 3140 ecvm
1644 3098 1789 3138 somine

282 3156 470 3210 Carnis
544 3155 981 3209 resurrectionem
1005 3154 1061 3207 in
1087 3154 1246 3207 vitam
1272 3160 1540 3206 aeternam.
1617 3152 1811 3204 ΑΜΕΝ.

431 3270 488 3308 est
506 3270 560 3308 sie
577 3269 719 3320 afyued
787 3267 883 3308 mv&
993 3268 1072 3307 min
1200 3268 1310 3306 hem*
1407 3265 1496 3305 {Sin'
1571 3267 1605 3315 -β
1698 3264 1732 3303 ic
1750 3263 1862 3315 maegi
1971 3263 2079 3314 singu

286 3324 383 3390 (5.)
444 3321 733 3392 Repleatur
807 3338 866 3374 os
946 3338 1120 3374 meum
1180 3319 1335 3373 laude
1400 3327 1508 3382 tua,
1562 3326 1622 3371 ut
1682 3316 1878 3387 possim
1920 3325 2131 3368 cantare

267 3408 404 3468 pvlflvr
490 3405 564 3445 isin

213 3457 430 3525 gloriam
457 3466 616 3512 tuam.
