2268 3952
776 288 1165 326 Aucto-SAxon
1206 290 1423 327 mrum„
1955 281 2052 332 177

814 480 870 519 f’e
1009 480 1114 521 zaem
1131 481 1330 521 flitendvm

783 549 891 584 PRO
932 549 1421 587 mscoRDAN'rmUs.

379 643 439 684 sib
519 644 636 696 godes
715 642 787 683 δίν
896 643 953 682 of'
971 643 1104 683 svissas
1238 643 1308 683 aelc
1444 643 1604 683 soelnise
1624 643 1643 682 1
1711 658 1738 696 7
1846 646 2002 697 gibalda

213 696 312 766 (1.)
356 695 469 749 Pax
519 656 641 759 Dei,
688 713 810 766 quae
854 702 1138 766 exsuperat
1187 713 1394 748 omnem
1436 714 1648 750 sensum
1692 705 1747 750 et
1795 699 2057 753 custodiat

157 781 287 821 heu-to
343 793 371 833 7
427 781 589 821 lichoma
687 780 785 821 {Sara
891 781 934 821 in
980 781 1088 820 sibbo
1210 779 1355 820 sosslioe

138 833 298 888 corda
321 841 376 888 et
400 852 620 905 corpora
644 833 895 888 illorum'
881 852 935 886 1n
961 850 1106 904 pace.
1183 833 1376 885 ΑΜΕΝ.

830 1007 887 1046 f’e
1051 1007 1259 1062 hreosendV

798 1077 908 1112 PRO
945 1076 1409 1112 POENITENTIBUS·

433 1171 607 1222 gepoend
797 1171 916 1211 driht'
1092 1172 1162 1212 vi&
1306 1174 1337 1222 -β
1449 1185 1475 1223 7
1645 1171 1756 1211 boen’
1911 1185 1988 1211 vaes
2006 1171 2063 1210 zv

213 1221 312 1291 (1.)
355 1221 691 1285 Convertere,
743 1223 988 1288 Domine,
1042 1242 1211 1296 usque
1261 1242 1384 1295 quo,
1429 1233 1483 1277 et
1531 1223 1878 1294 deprecabilis
1924 1232 2039 1277 esto

195 1305 253 1345 οἷ’
331 1319 463 1346 esnvm
546 1306 644 1347 &inv

141 1375 301 1430 super
325 1376 502 1413 servos
527 1367 663 1414 tuos.

317 1529 374 1569 f'e
508 1532 663 1571 aelmisv
901 1546 944 1571 vs
1119 1534 1308 1573 doendvm
1455 1532 1495 1572 in
1550 1530 1657 1570 ‘Eissv
1711 1529 1882 1569 middan'

285 1597 394 1635 PRO
432 1600 807 1638 ELEMOISINAS
847 1602 1011 1639 NOBIS
1050 1602 1410 1639 FACIENTIBUS
1450 1601 1511 1636 IN
1550 1600 1660 1636 HOC
1697 1598 1917 1634 MUNDO.

369 1701 410 1734 to
429 1697 569 1747 straegd
677 1698 828 1748 gesalde
922 1697 1152 1738 &orfendvm
1274 1711 1300 1749 7
1385 1696 1560 1737 sossfaest'
1646 1695 1706 1735 his
1816 1706 1933 1732 vvnas
2022 1692 2063 1730 in

216 1747 315 1816 (1.)
358 1747 640 1818 Dispersit,
684 1750 831 1803 dedit
878 1751 1217 1821 pauperibus,
1270 1758 1324 1803 et
1368 1748 1579 1819 justitia
1626 1747 1740 1817 ejus
1790 1752 1967 1799 manet
2008 1742 2064 1795 in

199 1832 333 1872 voruld
487 1834 609 1873 vorld'
718 1834 851 1874 hearta
922 1835 982 1874 his

145 1884 400 1939 saeeulum
445 1886 644 1939 saeculi.
722 1887 848 1940 Cor’
893 1888 1008 1957 ejus

720 2058 775 2096 f’e
859 2058 1077 2110 vntrymig?
1160 2070 1188 2109 7
1260 2056 1474 2108 gesseadvm

696 2126 805 2162 PRO
845 2127 1104 2163 INFIRMIS
1141 2127 1212 2162 ΕΤ
1249 2127 1507 2163 CAPTIVIS·

550 2220 705 2272 geceigd
707 2235 757 2261 on
907 2230 946 2263 to
1083 2223 1202 2262 driht'
1322 2221 1405 2261 mi&
1424 2221 1484 2274 {Sy
1539 2233 1677 2261 voeron
1695 2221 1834 2271 gecost'
1915 2230 1941 2269 7
2016 2218 2059 2257 of

220 2273 318 2343 (1.)
360 2233 433 2325 fit
481 2234 838 2328 clamaverunt
885 2276 953 2329 ad
1003 2275 1294 2329 Dominum
1344 2292 1463 2327 eum
1514 2272 1846 2334 tribulantur,
1897 2279 1953 2323 et
2000 2269 2066 2322 de

146 2358 235 2398 ned'
285 2358 394 2398 hiera
516 2359 644 2398 alesde
753 2361 818 2402 hia

166 2411 219 2464 n’
254 2428 436 2465 eorum
474 2410 715 2465 liberavit
752 2431 856 2467 eos.

361 2518 523 2570 maenign
671 2527 851 2572 costvngo
988 2520 1191 2561 sossfaestra
1275 2533 1301 2571 7
1358 2520 1401 2558 of
1477 2519 1592 2558 allvm
1694 2517 1797 2557 fflaem
1858 2519 2024 2570 gefriade

223 2573 296 2642 (2.
302 2571 321 2640 )
352 2530 548 2624 Multae
567 2570 937 2627 tribulationes
956 2573 1237 2643 justorum,
1264 2579 1319 2625 et
1343 2571 1409 2624 de
1435 2570 1676 2624 omnibus
1709 2570 1791 2622 bis
1827 2532 2069 2624 liberabit

168 2656 234 2697 his
337 2657 458 2697 driht'

153 2725 242 2763 eos
266 2709 546 2765 Dominus.

415 2825 535 2865 driht'
696 2826 860 2888 gehalda
981 2824 1063 2887 alle·
1155 2824 1253 2863 bano
1336 2821 1443 2860 hiora
1563 2833 1659 2858 enne
1742 2819 1784 2857 of
1824 2817 1928 2857 {Saem
1989 2830 2037 2855 ne

222 2875 320 2944 (3.)
361 2877 623 2932 Dominus
660 2877 891 2932 custodit
926 2876 1102 2930 omnia
1138 2892 1256 2928 ossa
1292 2891 1489 2936 eorum,
1530 2889 1693 2924 unum
1727 2889 1795 2924 ex
1830 2869 1914 2922 his
1958 2886 2063 2921 uon

151 2957 221 3000 bis
237 2961 422 3012 gebmoen

153 3019 465 3068 conteretur.

740 3143 798 3182 f'e
877 3140 1128 3194 geleaffvllvm
1237 3135 1441 3175 vnlifiend?

712 3211 822 3247 PRO
861 3208 1152 3247 FIDELIBUS
1190 3203 1510 3240 DEFUNCTIS.

379 3318 429 3345 011
507 3307 689 3370 gemynd
810 3308 889 3346 eco'
1023 3303 1145 3344 bizon
1203 3299 1386 3340 nozfaesto
1424 3298 1519 3337 from
1573 3294 1724 3335 herniae
1778 3291 1888 3343 ,yffi
1994 3301 2044 3328 ne

77 3407 86 3419 .
229 3354 356 3423 (1ο)
370 3355 435 3410 In
476 3358 728 3414 memoria
771 3366 972 3412 aeterna
1015 3362 1170 3409 erunt
1230 3351 1376 3422 justi,
1440 3350 1506 3403 ab
1555 3346 1739 3400 auditu
1781 3342 1919 3396 malo
1966 3357 2073 3393 non

98 3435 114 3462 ·'
183 3438 378 3480 ondredas

117 3486 430 3547 timebunt.

1770 3569 1804 3615 2
1831 3581 1864 3614 A
