2268 3952
717 272 1106 309 ANGLo-SAxON
1148 272 1369 308 mrum„
1940 264 2008 314 65

300 387 471 441 ωργτδο
658 390 863 440 symbeltid
974 404 1000 443 7
1178 400 1260 431 oest
1531 405 1574 430 vs
1731 393 1834 443 giece
1963 405 1990 444 7

168 442 180 455 ‘
244 438 537 495 veneranda
605 442 907 496 solemnitas
960 453 1014 496 et
1068 443 1397 498 devotionem
1474 443 1624 497 nobis
1691 452 1883 514 augeat
1950 453 2006 499 et

153 528 250 571 hoelo
447 567 450 570 .

161 588 319 644 utem,
359 598 455 651 per

116 734 286 787 XVIII.
327 740 631 776 KALENDAS
671 742 1040 790 snwrmumus,
1082 743 1280 778 SANGTI
1322 744 1551 779 Eusmnl
1594 744 1965 779 PRESBYTERI.

10 867 12 894 3
105 861 111 866 ·
344 838 419 890 god
501 838 557 879 ὃν
570 839 624 880 δε
685 841 769 892 vsig
841 842 978 892 eadges
1355 843 1574 882 ondetteres
1682 842 1797 882 &ines
1849 843 1965 895 gerlic

10 897 26 947 ’ζ
107 891 252 962 (1.)
292 891 459 955 Deus,
525 892 617 964 qui
679 911 775 946 nos
838 893 980 946 beati
1043 893 1263 947 Eusebii
1326 894 1638 948 confessoris
1695 895 1774 948 tui
1829 913 2005 949 annua

145 978 347 1032 symbeltid
455 977 511 1018 tv
527 980 697 1031 gigladas
823 980 920 1031 giles
1076 980 1264 1020 mildelice
1367 982 1440 1030 *pte
1513 980 1608 1021 &aes
1687 982 1834 1033 symbel
1853 981 2005 1020 cennise

122 1030 407 1086 lemnitate
457 1030 709 1095 laetificas³
767 1032 996 1085 concede
1046 1033 1321 1103 propitius,
1375 1041 1435 1086 ut
1492 1034 1644 1104 cujus
1709 1033 1948 1087 natalitia

119 1116 283 1171 higna&
343 1116 443 1157 ‘Beth
512 1118 573 1158 his
643 1126 683 1158 to
737 1110 815 1158 ze*
882 1119 1008 1158 bisin?
1165 1133 1209 1158 ve
1227 1120 1376 1171 gistepa
1560 1171 1562 1173 ‚

10 1231 12 1234 ,
124 1169 311 1235 limus,
349 1188 446 1242 per
482 1171 598 1242 ejus
635 1170 702 1225 ad
740 1178 793 1225 te
831 1171 1076 1243 exempla
1111 1172 1428 1242 gradiamur,
1468 1191 1565 1244 per

623 1333 950 1370 ADSUMPTIO
990 1335 1207 1370 SANGTAE
1246 1334 1455 1370 MARIAE.

301 1433 343 1471 in
450 1433 566 1472 allvm
747 1440 837 1472 raest
971 1434 1003 1472 ic
1022 1433 1170 1485 gisohte
1245 1446 1271 1486 7
1346 1435 1388 1474 in
1452 1434 1728 1474 erfeveardnise
1849 1434 1967 1475 driht'

155 1485 252 1554 (1.)
294 1484 359 1537 In
397 1484 640 1538 omnibus
684 1486 920 1557 requiem
972 1486 1190 1556 quesivi,
1237 1494 1292 1540 et
1340 1486 1396 1540 in
1444 1486 1735 1540 hereditate
1786 1486 2005 1540 Domini

109 1570 157 1613 jc
174 1571 286 1624 vniga
445 1570 501 1611 &a
606 1571 740 1623 giheht
878 1585 904 1625 7
961 1572 1081 1612 evoe&
1164 1586 1224 1612 me
1307 1574 1495 1624 sceppend
1602 1574 1697 1613 aura
1824 1588 1851 1626 7
1899 1573 2007 1614 ωδε

15 1641 30 1646 ·
110 1635 120 1664 '-
146 1624 347 1687 ·rabor;
403 1631 534 1677 tunc
571 1623 808 1696 precepit
863 1634 918 1679 et
959 1625 1095 1679 dixit
1138 1625 1268 1678 mihi
1312 1633 1516 1679 creator
1541 1626 1789 1690 omnium,
1818 1634 1873 1680 et
1916 1627 2009 1698 qui

123 1738 138 1744 ff
164 1732 191 1745 ν.
325 1723 406 1751 mec
484 1711 539 1750 eft
555 1711 696 1762 gii-este
780 1712 822 1750 in
983 1725 1050 1750 vse
1239 1713 1385 1752 minvm
1474 1713 1516 1752 in
1588 1713 1708 1753 Jacob
1816 1714 1976 1765 giinbya

24 1818 27 1823 ,
101 1770 116 1804 ἱ
151 1762 274 1817 vit
320 1781 405 1816 me
450 1763 710 1835 requievit
767 1763 823 1816 in
867 1763 1206 1818 tabernaculo
1256 1783 1402 1828 me03
1466 1764 1519 1817 in
1564 1765 1729 1819 Jacob
1772 1765 2009 1820 inhabita

104 1874 114 1891 ι
183 1848 227 1890 in
307 1850 429 1890 Herv'
536 1850 784 1902 gierfeveard'
893 1862 920 1901 7
990 1850 1031 1889 in
1092 1851 1267 1902 gicoren?
1340 1852 1445 1890 min?
1527 1852 1621 1891 send
1687 1858 1885 1903 pyrtrvmo
1967 1864 1994 1904 7

175 1901 232 1956 in
270 1901 471 1957 Israhel
515 1902 825 1967 hereditare,
879 1909 933 1955 et
981 1902 1037 1955 in
1088 1903 1271 1957 electis
1326 1904 1458 1958 meis
1495 1903 1646 1957 mitte
1684 1904 1916 1968 radices3
1957 1912 2012 1958 et

8 1969 12 1980 '
29 1974 37 1996 t

106 2012 125 2026 ,ι
146 2017 152 2021 .
210 1988 252 2028 in
324 1989 416 2029 Sion
521 1990 685 2041 'trymed
766 2003 828 2029 am
939 2002 966 2041 7
1040 1991 1082 2030 in
1164 1996 1307 2030 ceastre
1454 1990 1633 2042 gihalgad
1839 1991 1931 2042 gilio

32 2071 33 2079 κ
100 2038 127 2079 ’κ
203 2040 261 2094 in
312 2041 440 2094 Sion
554 2051 695 2096 mata
744 2060 878 2105 sum,
926 2051 981 2096 et
1027 2042 1084 2095 in
1133 2043 1345 2097 civitate
1396 2043 1720 2097 sanctificata
1772 2043 2012 2098 similiter

91 2122 125 2158 ’Ϊ
148 2127 299 2180 girante
381 2139 408 2180 7
464 2129 506 2168 in
670 2127 763 2168 Hie’
971 2129 1104 2169 maeht'
1213 2130 1295 2169 min

123 2180 327 2245 auievi,
367 2188 422 2234 et
457 2180 513 2233 in
553 2181 891 2235 Hierusalem
928 2190 1162 2253 potestas
1201 2200 1331 2235 mea.

279 2295 314 2335 ic
358 2295 616 2347 ’pyrtrvmode
671 2296 713 2334 in
821 2294 916 2333 folce
1106 2292 1320 2346 arpyrssvm
1469 2308 1495 2348 7
1571 2297 1611 2334 in
1707 2296 1805 2335 daelo
1894 2296 2012 2348 godes

157 2347 255 2419 (2.)
312 2308 590 2402 {radicavi
663 2347 718 2399 in
787 2346 985 2418 populo
1036 2346 1394 2411 honorificam,
1452 2356 1507 2401 et
1564 2348 1619 2400 in
1676 2357 1853 2420 partes
1904 2348 2010 2402 Dei

167 2459 183 2497 .'
271 2433 526 2473 erfevardnise
607 2431 694 2472 ssaes
830 2444 857 2484 7
924 2446 974 2471 on
1111 2433 1252 2484 fylnise
1460 2433 1571 2485 balga
1590 2447 1678 2474 vara
1804 2434 1959 2486 hracing

108 2543 115 2546 ,
265 2486 530 2540 hereditas
589 2485 748 2548 illius,
813 2493 868 2537 et
923 2484 977 2538 in
1033 2484 1361 2557 plenitudine
1426 2494 1724 2539 sanctorum
1775 2486 2010 2540 detentio

122 2661 125 2665 ,

319 2736 464 2776 svoelce
518 2738 660 2776 cedi-isc
715 2738 980 2789 pyusvmendo
1018 2751 1081 2777 am
1140 2751 1190 2777 on
1274 2738 1411 2778 Liban’
1479 2751 1506 2790 7
1563 2740 1697 2778 svaelce

156 2788 253 2859 (3.)
294 2788 463 2851 Quasi
501 2789 707 2843 caedrus
768 2789 944 2844 exalta
998 2808 1116 2843 sum
1141 2789 1197 2842 in
1224 2789 1445 2854 Libane,
1473 2800 1528 2845 et
1554 2792 1705 2863 quasi
1730 2811 2008 2864 cypressus

216 2886 318 2914 more
433 2875 518 2915 sion
610 2888 637 2929 7
710 2876 844 2916 svaelce
898 2876 1026 2927 paelm'
1106 2875 1244 2916 ahefen
1333 2890 1396 2916 am
1468 2891 1519 2917 on
1599 2880 1683 2918 cad'
1792 2892 1820 2932 7
1877 2879 2012 2919 svaelce

104 2926 125 2969 ἰ
179 2934 358 2980 monte
410 2927 552 2991 Sion,
598 2936 654 2982 et
697 2929 849 3000 quasi
885 2929 1063 3000 palma
1099 2929 1275 2983 exalta
1313 2948 1432 2982 sum
1467 2930 1523 2983 in
1551 2931 1739 2995 Cede&
1772 2940 1827 2986 et
1861 2932 2011 3003 quasi

115 3037 119 3049 2
135 3031 149 3041 κ
169 3017 304 3076 ·ntvng
382 3026 498 3053 rosaes
551 3014 593 3054 in
700 3015 845 3055 herich'
972 3028 1000 3068 7
1068 3016 1213 3055 svoelce
1241 3017 1432 3056 oelebeam
1459 3017 1674 3069 diorpyrsse
1715 3032 1766 3057 on
1820 3019 1962 3058 feldvm

23 3091 25 3093 ·
97 3068 127 3104 ’Ἦ
154 3088 158 3108 1
187 3072 338 3119 tatio
373 3083 510 3119 rosae
552 3066 608 3119 in
649 3066 920 3131 Hierich0‚
966 3076 1022 3122 et
1071 3068 1222 3140 quasi
1267 3069 1406 3122 oliva
1451 3070 1688 3140 speciosa
1711 3071 1767 3123 in
1792 3070 2008 3141 campis,

181 3150 325 3191 melon
723 3153 861 3194 ahefen
940 3167 1002 3194 am
1097 3154 1173 3194 neh
1284 3161 1400 3195 voetre
1481 3156 1524 3195 in
1589 3157 1748 3208 plaecvm

182 3203 331 3274 quasi
371 3204 655 3276 plantanus
697 3205 875 3259 exalta
912 3224 1029 3259 sum
1057 3207 1214 3278 juxta
1246 3225 1438 3278 aquam
1476 3208 1531 3261 in
1572 3208 1777 3279 plateis.

326 3331 406 3359 πω
597 3321 776 3370 cynnam'
939 3330 966 3370 7
1080 3319 1112 3367 «β
1132 3318 1244 3357 recile
1406 3324 1490 3358 svot
1509 3321 1712 3359 stencende
1850 3327 1957 3361 steno

82 3412 92 3424 .
163 3371 262 3443 (4.)
300 3371 456 3425 'Sicut
507 3388 873 3442 cynamomum
921 3378 977 3423 et
1042 3369 1334 3424 balsamum
1389 3371 1736 3426 aromatizans
1799 3373 2011 3428 odorem

24 3495 28 3499 ,
95 3496 119 3507 ,
234 3456 283 3497 de
353 3470 432 3498 ονε
540 3457 631 3497 recil
731 3457 882 3509 gicoren
920 3456 955 3495 ic
971 3455 1116 3507 gisalde
1199 3457 1365 3496 svotnise
1512 3464 1659 3498 stences

166 3507 267 3573 edi,
320 3509 471 3580 quasi
510 3527 686 3580 myrra
726 3509 897 3563 electa
953 3507 1075 3562 dedi
1138 3509 1450 3564 suavitatem
1493 3511 1681 3565 odoris.

1767 3617 1802 3651 κ
