2268 3952
786 243 1175 279 Amano-suot<
1218 242 1437 278 mrum„
1947 230 2047 279 125

127 373 156 414 7
227 360 458 399 vnrehtvisa'
566 362 668 399 mino
697 361 754 412 &y
775 362 843 401 laes
898 362 952 400 eft
970 360 1025 400 ’δν
1045 361 1141 400 besii
1295 360 1343 399 ah
1427 361 1500 398 nn?
1609 359 1886 399 miltheartnise

48 462 49 465 ,
126 420 181 467 et
204 412 508 483 iniquitates
546 431 690 466 meas
730 432 796 466 ne
847 432 999 484 respe
1026 451 1202 466 .....
1205 449 1220 476 ,
1274 412 1366 466 sed
1411 411 1524 466 sola
1562 411 1918 466 misericordia
1957 420 2049 465 tua

153 497 253 551 gizii
307 498 411 538 {Saem
431 498 613 550 vnpyrsse

40 588 44 594 -
129 550 294 623 prosit
355 550 587 621 indigno,
653 568 747 620 per
774 550 842 602 D’

503 682 608 722 allm’
931 698 995 723 ece
1203 685 1304 724 bisih
1426 684 1501 725 sas
1608 685 1821 736 asaegdniso
1915 682 1969 723 Sa
1981 712 1991 722 .
2006 712 2016 723 .
2034 712 2044 723 .

202 734 335 803 (12.)
379 734 745 805 Omnipotens,
792 736 1125 806 sempiterne,
1169 737 1374 807 respice
1422 737 1518 790 has
1562 737 1870 799 oblationes,
1917 753 2048 806 quas

139 825 180 859 ω
276 832 362 858 eare
455 821 702 859 rvmmodnis'
740 819 867 860 ‘binrae
912 822 946 860 ic
965 822 1122 872 gisendo
1177 822 1232 860 f'e
1278 835 1358 861 mec
1406 834 1432 873 7
1482 822 1538 860 f'e
1556 821 1660 861 ssaem
1680 824 1788 860 nest?
1843 822 1947 860 min?
2020 833 2047 872 7

126 870 192 925 ad
228 889 406 924 aurem
433 871 728 932 clementiae
761 880 870 925 tuae
924 874 1107 926 emitto
1152 892 1249 944 pro
1275 892 1359 926 me
1386 882 1440 926 et
1498 873 1752 943 proximis
1814 873 1959 936 meis,
1993 881 2048 925 et

186 956 243 996 f'e
260 957 468 996 veldoendv
588 958 692 997 min'v'
749 970 776 1008 7
913 958 1077 998 aelmissV
1245 972 1272 1010 7
1355 959 1470 998 allvm
1603 971 1663 997 me
1800 959 1977 996 f’letnvm

36 1050 47 1063 ..
92 1067 94 1070 ,
127 1008 550 1062 benefactoribus
570 1009 716 1072 meis,
740 1017 795 1062 et
814 1009 1206 1073 elemosinariis,
1230 1019 1284 1063 et
1305 1010 1548 1063 omnibus
1563 1010 1723 1063 michi
1743 1009 2048 1073 commissis,

157 1093 177 1133 1
283 1093 387 1133 ssaem
496 1096 645 1147 scyldig
715 1109 775 1135 am

40 1166 46 1172 ·
130 1164 224 1200 seu
249 1145 441 1217 quibus
466 1147 673 1200 debitor
698 1166 829 1200 sum.

548 1292 600 1318 nv
723 1293 768 1318 ve
787 1278 921 1331 fylgass
1020 1294 1070 1319 on
1129 1281 1224 1320 allra
1278 1282 1410 1321 hearta
1494 1294 1520 1334 7
1577 1294 1622 1319 ve
1642 1280 1829 1319 ondredes
1871 1278 1946 1319 ‘Sec
2020 1291 2047 1331 7

205 1330 337 1399 (13.)
380 1290 454 1382 ἐι
502 1349 643 1384 1111110
694 1331 965 1401 sequimur
1018 1332 1072 1384 in
1119 1341 1230 1386 toto
1280 1334 1435 1386 corde
1474 1342 1529 1387 et
1578 1332 1824 1385 timemus
1873 1339 1942 1395 te,
1995 1341 2051 1385 et

182 1428 307 1455 coecas
459 1417 616 1455 onsione
725 1416 798 1455 &in
952 1417 1072 1456 driht’
1151 1418 1210 1470 &y
1229 1419 1297 1457 laes
1342 1419 1568 1470 gisceomiga
1664 1418 1747 1469 vsig
1850 1417 1899 1456 ah
1982 1418 2032 1456 do

129 1467 396 1539 querimus
444 1468 630 1521 faciem
680 1476 842 1532 tuam,
885 1469 1143 1534 Domine3
1195 1489 1264 1523 ne
1315 1472 1607 1524 confundas
1656 1488 1768 1532 nos,
1830 1470 1923 1523 sed
1965 1470 2050 1522 fac

181 1566 226 1592 vs
350 1553 427 1592 neh
607 1554 825 1593 bilvitnisse
1044 1555 1142 1595 §inv
1238 1568 1264 1607 7
1415 1557 1499 1596 aeft'
1715 1555 1998 1606 monigfaldnis'

130 1604 279 1658 nobis
311 1606 470 1675 juxta
514 1606 972 1660 mansuetudinem
1011 1615 1172 1672 tuam,
1226 1618 1280 1661 et
1325 1609 1615 1662 secundum
1658 1607 2053 1660 multitudinem

28 1664 89 1729 ’Ὗ
163 1691 439 1730 miltheartnise
548 1690 675 1730 sinrae

131 1742 513 1796 misericordiae
553 1751 690 1796 tuae.

397 1940 471 1991 god
579 1940 659 1979 min
745 1952 772 1992 7
828 1940 947 1979 faeder
1040 1953 1067 1992 7
1143 1954 1240 1979 svnv
1351 1953 1377 1991 7
1487 1945 1572 1991 gast
1735 1939 1839 1990 halig
1946 1938 2051 1978 zaem

205 1993 302 2062 (1.)
344 1991 496 2044 Deus
540 2010 689 2045 meus
733 2000 788 2045 et
816 1992 991 2056 Pater,
1030 2000 1086 2046 et
1114 1993 1297 2056 Filius,
1339 2001 1393 2045 et
1422 1992 1652 2062 Spiritus
1681 1991 1923 2054 Sanctus,
1964 1991 2050 2044 cui

72 2121 73 2125 ,
182 2078 254 2118 alle
338 2076 629 2117 vnderssiodded
697 2091 789 2117 aron
864 2091 891 2130 7
933 2077 1038 2117 saem
1111 2078 1179 2117 aelc
1316 2078 1464 2130 giscaeft
1585 2077 1735 2129 giheres
1818 2089 1846 2128 7
1927 2078 1997 2117 aelc

80 2136 82 2138 ’
132 2130 306 2183 omnia
362 2130 599 2199 subjecta
673 2137 812 2192 sunt,
851 2138 904 2183 et
943 2130 1029 2183 cui
1068 2130 1237 2182 omnis
1264 2138 1506 2183 creatura
1530 2129 1772 2192 deservit,
1801 2138 1856 2182 et
1880 2129 2049 2181 omnis

157 2217 310 2267 onpaeld
393 2215 635 2266 vnderbeged
699 2215 734 2253 is
816 2228 843 2267 7
890 2215 1089 2267 onscynais
1132 2229 1158 2267 7
1263 2215 1460 2254 ondredass
1576 2228 1603 2267 7
1660 2216 1853 2254 sedraecca
1915 2214 2018 2254 fiee&

130 2276 360 2340 potestas
398 2268 638 2337 subjecta
673 2274 755 2319 est
797 2275 852 2320 et
886 2268 1078 2321 metuit
1115 2275 1170 2320 et
1194 2268 1509 2338 expavescit,
1555 2275 1610 2320 et
1669 2267 1827 2320 draco
1894 2266 2050 2336 fugit,

95 2365 160 2407 ⁸7
241 2353 376 2405 svigais
450 2354 506 2391 sio
523 2353 674 2392 hatt⁹ne
738 2365 764 2404 7
812 2354 1047 2392 sceomiende
1094 2352 1149 2392 sa
1202 2351 1272 2392 isio
1327 2354 1361 2392 is
1374 2354 1565 2393 acvoeden
1623 2359 1728 2392 tosca
1847 2353 1997 2404 gilattia

132 2414 187 2460 et
245 2406 367 2459 silet
463 2405 657 2475 vipera,
722 2413 777 2458 et
843 2407 1032 2458 rubeta
1083 2405 1175 2458 illa
1201 2423 1304 2475 que
1361 2405 1555 2459 dicitur
1614 2423 1742 2458 rana
1778 2404 2046 2474 torpescit,

44 2512 57 2547 '.
131 2490 198 2531 zio
215 2493 331 2531 nedre
459 2504 499 2530 se
515 2491 725 2553 gidrysnad
780 2491 985 2530 f'cvmmen
1005 2491 1059 2530 sie
1086 2504 1141 2530 aec
1216 2492 1350 2543 spilaeg
1369 2505 1408 2531 se
1426 2494 1559 2531 aett'ne
1658 2490 1755 2529 noht
1810 2488 2048 2530 sceiszende’

133 2544 367 2614 scorpius
421 2543 763 2613 extmguitur‚
816 2543 1044 2596 vincitur
1093 2551 1148 2596 et
1266 2544 1536 2613 spilagiuS,
1652 2542 1784 2595 nihil
1832 2542 2052 2595 noxium

176 2630 330 2681 givyrca
456 2641 483 2680 7
593 2629 667 2667 alle
800 2628 856 2668 &a
873 2632 1008 2668 aett'na
1117 2641 1144 2680 7
1212 2629 1328 2680 getti
1437 2628 1492 2668 ’δα
1502 2629 1622 2668 rifista
1714 2628 1965 2668 feerraesenda
1997 2642 2053 2668 aec

135 2690 395 2752 operatur,
447 2690 503 2734 et
552 2680 727 2733 omnia
775 2688 1035 2734 venenata
1100 2689 1155 2734 et
1203 2681 1340 2734 aduc
1396 2681 1654 2734 ferociora
1718 2681 1958 2752 repentia
1999 2689 2055 2734 et

187 2773 303 2806 netna
423 2764 606 2805 sceQSend’
659 2767 712 2805 sie
731 2766 952 2805 aziostrado
1035 2779 1062 2818 7
1172 2767 1244 2806 allo
1341 2767 1584 2820 pissirpaerda
1648 2766 1766 2805 haeles
1874 2768 2038 2806 mennis'

44 2828 50 2844 ¹
136 2818 380 2872 animalia
429 2818 588 2870 noxia
628 2820 987 2882 tenebrantur,
1029 2827 1084 2871 et
1126 2837 1307 2871 omnes
1352 2820 1573 2908 adverse
1617 2818 1802 2872 salutis
1835 2819 2054 2872 humani

137 2907 340 2955 pyrttrvm'
366 2904 549 2955 giserinca
566 2904 631 2944 hia
675 2903 732 2943 δν
796 2905 978 2955 gidrysne
1060 2903 1126 2943 {Sis
1246 2907 1378 2944 aett'ne
1551 2912 1654 2944 attor
1792 2906 2001 2945 voercdedo

135 2956 334 3009 radices
359 2964 644 3020 arrescunt,
672 2965 731 3009 tu
757 2956 1009 3026 extingue
1041 2957 1141 3010 hoc
1165 2965 1483 3010 venenatum
1523 2957 1681 3020 viruS,
1722 2958 2054 3027 operationes

51 3027 54 3038 ’
136 3039 197 3080 his
302 3041 570 3081 deasbeoendo
644 3054 672 3093 7
740 3042 863 3081 meno
958 3041 1014 3081 {sa
1095 3043 1136 3081 in
1181 3042 1262 3081 him
1316 3042 1446 3082 haefes
1501 3043 1662 3095 gild...
1682 3042 1751 3082 sia
1793 3055 1820 3094 7
1886 3044 1941 3083 sel
2011 3044 2052 3083 in

138 3093 251 3162 ejus
296 3094 590 3159 mortiferas
633 3102 688 3146 et
736 3094 873 3147 vires
917 3112 1048 3163 quas
1091 3094 1147 3146 in
1197 3113 1253 3147 se
1296 3094 1467 3147 habed
1516 3113 1727 3157 evacua,
1778 3103 1833 3147 et
1881 3095 1950 3148 da
1997 3096 2054 3147 in

189 3179 343 3218 ousione
438 3177 533 3216 811ιῖ
614 3179 731 3217 allvm
867 3178 923 3218 &a
1006 3178 1064 3218 δν
1109 3179 1281 3231 gisceope
1363 3193 1431 3231 ego
1541 3182 1614 3229 -pte
1674 3179 1739 3218 hia
1755 3180 1844 3230 gisii
1925 3194 2013 3220 eura

137 3238 421 3300 conspectu
446 3238 539 3282 tuo
564 3230 808 3283 omnibus
834 3248 967 3301 quos
1008 3238 1070 3283 tu
1103 3230 1292 3284 creasti
1318 3232 1498 3284 oculos
1536 3232 1609 3283 ud
1645 3231 1872 3296 videant,
1899 3250 2053 3287 aures

141 3314 214 3364 *pte
276 3315 343 3354 hia
360 3314 491 3366 gihera
535 3314 667 3354 hearta
735 3327 762 3366 7
890 3314 1077 3354 micilnise
1267 3315 1342 3355 15111
1449 3316 1514 3355 hia
1532 3322 1685 3367 ongette

140 3366 212 3419 ud
270 3367 500 3430 audiant,
565 3385 654 3419 cor
728 3376 782 3419 et
806 3366 1218 3437 magnitudinem
1245 3375 1390 3420 tuam
1415 3368 1743 3438 intellegant.
