2268 3952
453 388 526 855 5²2st

454 1199 536 1251 A'.

452 1303 533 1355 A’.

454 1409 536 1460 A'.

459 1510 540 1563 A’.

711 275 1098 313 ANGLo-SAXON
1140 278 1359 314 RITUM„

522 425 536 440 .
578 386 733 440 Misit
758 388 909 442 Deus
934 387 1342 442 misericordiam
1369 407 1517 443 suam

525 528 540 543 .
579 491 842 561 Angustie
867 490 1257 562 mihiyundique

519 634 532 647 .
576 596 634 648 Si
658 596 799 650 enim
824 596 925 650 hoc
949 614 1107 667 egero
1131 615 1271 651 mors

528 738 544 753 .
583 700 891 755 Laudabilis
916 701 1146 772 populus
1171 720 1329 773 quem

521 842 535 856 .
575 804 685 866 Qui
709 802 851 875 regis
878 803 1059 866 Israel,
1086 802 1301 856 intende

781 1045 873 1096 ,ω’
901 1060 1055 1096 unm:
1095 1059 1286 1097 SUPRA.

575 1196 701 1250 Vidi
727 1195 1014 1249 Dominum
1044 1195 1315 1248 sedentem
1341 1214 1501 1267 super

575 1301 786 1373 Aspice,
815 1300 1062 1363 Domine,
1092 1299 1216 1370 quia
1239 1300 1380 1354 facta
1405 1309 1486 1354 est

579 1408 752 1477 Super
776 1425 953 1460 muros
980 1389 1114 1469 tuos,
1142 1406 1439 1459 Jerusalem

582 1509 746 1564 Muro
772 1518 866 1564 tuo
891 1511 1290 1582 inexpugnabili

672 1711 833 1774 Audi,
862 1712 1090 1782 benigne
1118 1712 1390 1777 Conditor,

602 1815 827 1869 Nostras
851 1834 1051 1886 preces,
1080 1835 1199 1870 cum
1224 1818 1450 1883 fletibus,

599 1922 664 1974 In
690 1922 791 1975 hoc
816 1940 963 1976 sacro
981 1923 1186 1993 jejunio

598 2027 766 2081 Fusas
792 2028 1222 2099 quadragenario.

677 2178 952 2231 Scrutator
974 2178 1111 2232 alme
1138 2180 1388 2242 cordium,

605 2282 822 2335 Infirma
846 2291 906 2335 tu
930 2284 1032 2337 seis
1057 2284 1262 2348 virium,

604 2386 692 2438 Ad
719 2394 772 2439 te
798 2387 1021 2441 reversis
1046 2388 1199 2442 exibe

538 2495 547 2503 ‘
604 2491 950 2545 Remissionis
973 2492 1213 2562 gratiam.

674 2641 914 2695 Multum
940 2643 1155 2713 quidem
1179 2645 1526 2715 peccavimus

607 2747 713 2800 Sed
740 2765 896 2818 parce
923 2748 1310 2812 confitentibus

603 2853 691 2906 Ad
717 2853 925 2907 laudem
946 2853 1025 2906 tui
1050 2853 1276 2907 nominis

607 2958 803 3012 Confer
827 2958 1085 3012 medelam
1111 2958 1387 3028 languidis.

683 3110 772 3164 Sic
796 3129 988 3182 eorpus
1013 3119 1164 3165 extra
1188 3111 1403 3173 conteri,

606 3214 766 3267 Dona
788 3232 885 3285 per
909 3214 1295 3277 abstinentiam,

608 3318 643 3370 J
644 3318 824 3387 ejunet
848 3327 910 3372 ut
933 3336 1083 3372 mens
1108 3318 1282 3390 sobria

616 3421 667 3473 A
692 3420 811 3474 labe
836 3439 1050 3492 prorsus
1076 3421 1369 3480 criminum.

1910 269 2013 320 135
