2268 3952
175 326 177 329 Α
233 273 330 322 108
850 276 1241 315 auom-saxon
1283 274 1503 311 mrum..

291 401 345 441 δα
362 400 539 452 lingendo
650 411 676 450 7
730 397 848 449 gisaeh
887 395 961 435 Ser
1067 406 1208 433 monno
1345 389 1598 453 vngigearvad
1731 390 1852 442 poede
1889 390 2142 443 gimvngalic?

223 451 623 514 discumbentes,
644 458 699 503 et
722 449 852 502 vidit
887 447 961 500 ibi
996 446 1263 499 hominem
1300 461 1408 496 non
1433 450 1686 496 vestitum
1710 451 1857 496 veste
1895 443 2139 514 nuptiali,

241 552 268 591 7
310 537 428 578 evoe&
462 537 565 578 isaem
632 536 758 575 friond
918 533 996 572 hun
1123 532 1226 571 hidir
1278 531 1346 570 inn
1365 530 1496 569 eadest
1596 530 1809 570 naebbende
1952 530 2115 582 gipoedo
2172 550 2177 554 ·
2242 558 2244 582 ,

2242 607 2245 628 ι

226 599 280 644 et
330 591 404 643 ait
462 590 555 653 illi,
595 588 796 650 Amice,
825 585 1086 657 quomodo
1123 584 1229 637 huc
1277 581 1501 646 intrasti,
1553 599 1661 635 non
1697 583 1899 636 habens
1941 591 2143 636 vestem

262 676 484 727 gimvngelic
609 673 680 714 soz
759 673 808 712 he
930 671 1124 723 gisvigade
1326 668 1382 708 &a
1489 667 1611 708 evoe&
1652 682 1692 708 se
1709 669 1826 721 cynig
1879 669 2104 709 embihtvm'
2122 669 2142 709 i

226 724 556 798 nuptialem?
616 735 671 780 at
730 725 820 778 ille
899 723 1177 777 obmutuit.
1273 722 1431 775 Tunc
1487 720 1624 774 dixit
1704 739 1798 775 rex
1871 721 2141 787 ministris,

251 814 415 865 gibvnde
523 814 641 853 fotvm
794 811 854 850 his
947 822 974 861 7
1083 809 1251 848 hondvm
1380 808 1518 847 sendas
1617 807 1707 847 hine
1789 809 1831 848 in
1939 807 2089 849 ziostro

228 866 431 936 Ligatis
483 866 703 937 pedibus
763 864 879 934 ejus
935 871 990 916 et
1037 861 1294 924 manibuS,
1351 860 1547 914 mittite
1600 879 1724 913 eum
1782 860 1839 913 in
1899 863 2144 917 tenebras

244 952 299 992 δα
316 959 480 1004 ytmesto
571 952 643 991 ber
705 950 776 991 bi&
852 963 929 1001 pop
1025 961 1051 1000 7
1107 948 1364 1000 gristbiotvng
1457 945 1605 987 tossana
1776 948 1925 1000 menigo

227 1005 539 1070 exteriores;
577 1004 651 1058 ibi
688 1003 788 1057 erit
823 1002 978 1055 fletus
1015 1009 1070 1054 et
1143 1000 1335 1054 stridor
1407 999 1661 1054 dentium.
1759 999 1928 1054 Multi
1963 1010 2142 1057 autem

244 1104 337 1131 aron
389 1092 572 1143 giceigido
631 1091 732 1131 hvon
778 1088 947 1129 hvoessre
973 1089 1147 1140 gieoreno

228 1151 351 1197 sunt
391 1144 574 1207 vocati,
612 1141 767 1214 pauci
805 1159 927 1195 vero
984 1140 1155 1194 electi.

958 1302 1134 1339 SUPER
1173 1301 1402 1337 OBLATA.

490 1399 604 1439 onfoh
793 1413 839 1439 ve
856 1400 937 1439 bid'
1125 1400 1244 1439 driht'
1398 1399 1420 1439 f
1422 1401 1456 1439 'e
1537 1399 1650 1452 halg‘v
1777 1397 1939 1452 gesinig’
2054 1412 2088 1439 ω

298 1453 396 1522 (l.)
439 1452 674 1522 Suscipe,
721 1471 1023 1523 quesumus,
1076 1452 1323 1516 Domine,
1376 1471 1473 1523 pro
1523 1470 1672 1506 sacra
1720 1451 1971 1505 connubii
2020 1451 2140 1523 lege

274 1537 371 1589 &ing
474 1539 607 1590 agefen
730 1552 756 1591 7
839 1538 925 1579 {Saes
1032 1540 1170 1591 gefend
1249 1538 1321 1579 arb
1369 1552 1520 1579 voerces
1546 1553 1635 1579 voes
1651 1538 1708 1578 zv
1745 1540 1942 1591 giraedend
1962 1536 2021 1592 (Ρ)
2069 1538 2114 1578 ‘8'

222 1609 412 1644 munus
446 1591 695 1655 oblatum,
728 1599 782 1645 et
812 1593 964 1662 cujus
1002 1591 1221 1662 largitor
1263 1610 1320 1645 es
1364 1592 1538 1664 operis
1576 1600 1689 1646 esto
1722 1593 2019 1663 dispositor,
2047 1610 2144 1663 per

1036 1729 1326 1765 PREFATIO.

508 1818 662 1857 rehtlioe
751 1830 778 1869 7
834 1817 897 1857 hal
927 1818 1047 1857 oende
1166 1817 1224 1858 δν
1241 1817 1295 1858 ’δε
1364 1818 1472 1858 sibba
1632 1817 1862 1870 gimmgana
1960 1813 2143 1856 blizelic?
2186 1785 2192 1791 ·
2244 1772 2257 1816 2¹

292 1870 357 1922 V.
384 1871 453 1924 D.
495 1889 689 1941 equum
751 1879 805 1924 et
843 1889 900 1923 sa
922 1880 1085 1924 utare.
1182 1871 1293 1933 Qui
1335 1871 1551 1924 foedera
1599 1870 1905 1941 nuptiarum
1947 1867 2144 1922 blando
2246 1866 2257 1906 ³³

220 1957 317 1997 aefne
336 1956 480 1996 hearta'
549 1957 649 1996 iocce
718 1969 745 2009 7
786 1958 1095 2008 vnacnycendlic'
1134 1958 1262 1998 sibbes
1357 1958 1483 1997 bende
1582 1957 1803 2010 gicnyhtest
1859 1957 1935 2005 -bte
1998 1955 2143 2019 munig-

220 2009 496 2066 concordie
539 2010 669 2079 jugo
708 2018 761 2062 et
802 2009 1071 2063 insolubili
1120 2011 1267 2081 pacis
1315 2010 1527 2064 vinculo
1576 2009 1827 2073 nexuisti,
1867 2015 1928 2061 ut
1963 2008 2144 2061 multl-

219 2095 407 2133 faldlicvm
472 2069 490 2101 ι’
635 2096 784 2147 gicoren
959 2098 1099 2136 bearn?
1171 2097 1286 2149 halga
1303 2110 1394 2137 vara
1520 2096 1755 2149 gisinigscip'
1876 2095 2098 2135 berendnis'

220 2147 473 2217 plicandis
551 2148 891 2218 adoptionum
972 2149 1095 2203 filiis
1140 2159 1442 2203 sanctorum
1483 2149 1807 2204 connubium
1846 2147 2140 2202 fecunditas

220 2234 406 2272 sceomfvll
489 2246 577 2284 pere
597 2235 735 2274 halden
844 2234 916 2274 {Sin
983 2236 1003 2274 f
1008 2235 1101 2275 'Son
1229 2237 1349 2276 driht'
1475 2236 1530 2276 s'e
1550 2249 1759 2288 sceavvnge
1825 2233 1923 2275 &inv
2002 2236 2087 2287 gefe

220 2286 408 2355 pudica
466 2296 773 2351 servaretur,
827 2298 919 2341 tua
967 2289 1124 2352 enim,
1177 2289 1424 2354 Domine,
1477 2289 1774 2360 prudentia,
1820 2295 1915 2341 tua
1951 2287 2139 2358 gratia,

236 2373 548 2412 vnasaecoendlicv
629 2377 731 2413 eost?
841 2388 889 2414 on
908 2376 957 2414 ba
974 2376 1074 2415 halfe
1209 2377 1352 2428 giraede
1464 2378 1538 2426 -bte
1623 2378 1656 2426 -β
1811 2388 1990 2415 cnevreso
2099 2381 2140 2415 to
2249 2395 2254 2408 τ

217 2423 564 2479 ineffabilibus
612 2427 780 2480 modis
825 2436 1109 2498 utrumque
1146 2429 1434 2500 dispensat,
1475 2437 1536 2482 ut
1580 2429 1722 2500 quod
1765 2427 2036 2499 generatio
2072 2427 2141 2482 ad
2196 2485 2198 2491 ,
2250 2450 2262 2483 s:

218 2510 408 2572 middang’
448 2511 602 2561 gicende
683 2514 834 2564 gihrina
995 2515 1225 2555 eftcneoreso
1335 2522 1376 2555 to
1476 2515 1607 2555 cirices
1769 2515 1905 2567 gilaede
2250 2496 2255 2529 ὲ

217 2563 394 2614 mundi
438 2563 601 2617 edidit
637 2575 894 2630 ornatum,
946 2567 1276 2638 regeneratio
1325 2568 1392 2621 ad
1442 2567 1668 2660 ecclesie
1710 2567 1968 2639 perducat
2012 2585 2141 2639 aug-

220 2649 284 2686 ece
516 2662 542 2701 7
598 2650 713 2690 f'sson

220 2708 468 2764 mentum,
508 2711 563 2755 et
598 2703 716 2756 ideo

917 2834 1088 2870 INFRA
1126 2836 1432 2872 ACTIONEM.

470 2923 542 2964 ‘Bas
650 2926 766 2966 s'sson
873 2930 1104 2980 asaegdnisse
1286 2931 1415 2971 Seana
1615 2931 1733 2971 {Sim-a
1895 2933 1929 2983 -β
2065 2931 2112 2972 8⁹

292 2977 389 3043 (1.)
433 2977 587 3030 Hanc
630 2978 792 3048 igitur
842 2981 1161 3035 oblationem
1198 2984 1515 3037 famulorum
1563 2993 1792 3048 tuorum,
1839 3002 1999 3055 quam
2039 2984 2136 3038 tibi

245 3062 404 3100 brohton
514 3063 568 3102 f'e
675 3064 807 3104 &ioen'
904 3066 976 3106 {Sin
1269 3073 1318 3121 ba
1481 3069 1653 3111 sosslaede
1762 3070 2026 3122 gimoedvmad
2062 3069 2135 3111 ar&

218 3113 441 3166 offerunt
499 3133 593 3184 pro
642 3116 839 3171 famula
888 3127 995 3182 tua,
1054 3121 1161 3184 illa,
1214 3141 1372 3194 quam
1423 3123 1715 3194 producere
1764 3123 2013 3194 dignatus
2077 3141 2136 3177 es

229 3206 267 3236 to
295 3199 606 3240 stazolfaestnisoe
659 3203 816 3253 gimetes
912 3218 938 3257 7
994 3213 1035 3245 to
1117 3208 1203 3259 daeg
1296 3210 1525 3260 gimvngana
1619 3210 1676 3249 f'e
1728 3207 1824 3248 isin?
1850 3206 2136 3261 maegenssryme

216 3250 279 3301 ad
355 3260 547 3305 statum
620 3273 866 3311 mensure
903 3266 958 3310 et
991 3259 1057 3311 ad
1090 3260 1229 3313 diem
1267 3261 1588 3332 nuptiarum,
1611 3280 1706 3333 pro
1737 3270 1830 3315 tua
1870 3261 2136 3332 majestati

217 3335 326 3375 &inre
400 3352 444 3377 ve
463 3340 578 3401 dfeles
685 3315 900 3381 boensan‘ho
992 3346 1111 3384 beado
1189 3349 1262 3397 -pte
1317 3348 1382 3387 hia
1480 3349 1666 3388 mildelice
1748 3346 1831 3388 mi&
1888 3360 1998 3387 voere
2052 3346 2134 3386 hire

218 3397 323 3439 tuae
360 3390 623 3445 fundimus
657 3395 921 3465 supplices
955 3415 1156 3467 preces,
1195 3408 1257 3452 ut
1293 3418 1409 3453 eam
1448 3401 1709 3472 propitius
1739 3418 1860 3455 cum
1886 3399 1998 3452 viro
2034 3417 2132 3452 suo

245 3474 426 3519 gisomuia
482 3476 535 3515 ὃν
554 3478 826 3531 gimeodomiga
934 3496 978 3521 ve
998 3483 1078 3522 bid'
1242 3486 1382 3525 driht*

220 3525 460 3593 copulare
533 3528 777 3597 digneris,
854 3552 1155 3603 quesumus,
1198 3537 1443 3591 Domine.
