2268 3952
228 299 329 349 130
853 304 1243 341 Auem-simoi«
1284 303 1505 338 mrum„

225 426 396 479 nivem
422 423 625 484 efficiat,
654 420 846 491 quibus
870 419 1065 490 gaudia
1104 425 1321 471 aeternae
1358 417 1469 509 vite
1505 424 1561 469 et
1584 416 1760 470 dulcia
1785 435 1944 489 super
1969 420 2144 474 omnia

224 529 382 582 mella
406 527 667 581 sortietur.

297 632 387 685 Tu
411 631 567 693 enim,
595 628 841 691 Domine,
869 626 1154 698 promisisti
1180 627 1419 696 patribus
1444 627 1636 680 nostris
1658 628 1875 719 Abrahg.
1904 645 1935 699 7
1968 629 2144 683 Issaac

227 744 283 791 et
328 735 508 798 Jacob,
551 732 890 786 Introducam
939 750 1032 785 vos
1083 731 1139 784 in
1203 740 1396 785 terram
1456 732 1889 803 repromissionis,
1953 742 2147 787 terram

227 840 478 894 fluentem
510 839 593 892 lac
620 855 652 909 7
685 837 806 900 mel,
842 835 1005 906 imple
1030 853 1127 906 pro
1154 835 1510 888 misericordia
1551 844 1645 889 tua
1668 854 1860 906 magna
1883 836 1999 890 haec
2024 855 2146 908 pro-

226 945 386 998 missa
408 944 464 996 in
488 943 641 996 nobis
666 960 847 996 eorum
884 940 1007 993 filiis
1045 939 1395 1010 aliquatenus»,
1424 948 1479 993 et
1502 940 1606 994 fide
1632 950 1687 994 et
1712 942 1960 1013 operibus
1979 943 2146 1013 junge

228 1069 326 1104 nos
350 1049 571 1104 famulos
597 1058 716 1113 tuos
741 1047 797 1099 in
819 1045 1031 1100 Christo
1059 1052 1113 1098 et
1136 1044 1341 1115 Spiritu
1370 1046 1565 1099 Sancto
1592 1046 1673 1100 lac
1699 1055 1755 1100 et
1778 1032 1884 1100 mel
1903 1048 2147 1117 junctum

228 1173 258 1208 e
279 1154 429 1224 cujus
454 1153 651 1207 ducatu
667 1151 986 1222 accipiemus
1010 1149 1303 1219 spelndoris
1329 1150 1613 1203 albidinem
1631 1151 1688 1203 in
1715 1170 1874 1222 quam
1899 1151 2008 1241 vite
2033 1170 2150 1222 pas·

230 1260 430 1313 sionem
474 1277 621 1312 suam
660 1275 835 1310 coram
879 1254 1152 1325 discipulis
1195 1254 1252 1307 in
1294 1263 1473 1308 monte
1523 1256 1926 1326 transfiguratus
1971 1265 2053 1310 est
2096 1265 2152 1322 et

228 1365 559 1418 dulcedinem
596 1370 812 1416 aeternae
838 1361 892 1413 in
918 1359 1310 1414 resurexionem
1352 1378 1501 1414 suam
1537 1360 1704 1414 fafum
1729 1361 1900 1415 mellis
1925 1378 2151 1421 comme-

227 1469 308 1523 dit
332 1487 585 1540 perquam
609 1468 725 1521 haec
750 1466 945 1532 omnia,
973 1464 1203 1518 Domine

735 1641 749 1654 .
776 1639 789 1653 .
817 1639 829 1652 .
858 1639 870 1652 .
898 1616 1057 1651 PANIS
1096 1614 1390 1650 FRUMENTI
1430 1615 1644 1651 NovUM.

306 1711 405 1781 (1.)
448 1709 697 1772 Benedic,
752 1708 996 1769 Domine,
1044 1714 1098 1760 et
1140 1707 1236 1760 hos
1278 1706 1481 1759 fructus
1523 1724 1686 1759 novos
1723 1724 1857 1773 uvae,
1898 1729 2030 1781 quos
2075 1721 2150 1775 tu,

232 1816 477 1878 Domine,
504 1832 620 1867 rore
647 1813 767 1866 coeli
793 1820 848 1865 et
873 1812 1216 1865 inundatione
1253 1811 1551 1882 pluviarum
1589 1819 1644 1864 et
1682 1819 1978 1883 temporum
2016 1835 2154 1871 sere-

233 1918 399 1971 nitate
425 1917 492 1970 ad
530 1915 886 1969 maturitatem
930 1915 1219 1986 perducere
1256 1915 1504 1985 dignatus
1540 1934 1611 1979 es,
1659 1925 1713 1969 et
1755 1918 1946 1975 dedisti
1987 1942 2051 1977 ea
2086 1924 2153 1978 ad

236 2042 364 2076 usus
389 2030 595 2075 nostros
621 2039 742 2074 cum
767 2021 1052 2090 gratiarum
1081 2021 1286 2075 actione
1312 2022 1600 2092 percipere,
1618 2021 1672 2074 in
1698 2023 1909 2078 nomine
1934 2025 2151 2080 Domini

234 2127 400 2180 nostri
424 2127 554 2180 Jesu
581 2125 794 2188 Christi,
823 2127 873 2196 p'

312 2232 410 2302 (2.)
452 2230 584 2293 ebic,
611 2229 857 2292 Domine,
903 2237 1196 2300 creaturam
1233 2229 1387 2282 istam
1426 2231 1577 2300 panis
1615 2250 1804 2285 novam
1829 2233 1968 2287 sicut
1990 2236 2153 2289 bene-

237 2334 416 2388 dixisti
466 2335 701 2406 quinque
765 2353 929 2406 panes
969 2334 1024 2387 in
1061 2334 1270 2387 deserto
1311 2342 1365 2386 et
1408 2334 1540 2387 duos
1584 2336 1756 2406 pisces
1799 2344 1854 2390 et
1895 2356 1962 2390 .u.
2014 2338 2160 2392 milia

236 2440 507 2493 hominum
544 2440 762 2504 satiasti,
799 2440 875 2493 ita
916 2438 1229 2492 benedicere
1270 2438 1501 2508 digneris
1542 2448 1603 2493 ut
1652 2441 1721 2494 sit
1757 2441 1981 2496 dominis
2017 2444 2156 2512 ejus-

236 2545 355 2598 dem
391 2546 701 2600 habundans
736 2546 790 2598 in
816 2563 1012 2598 annum
1046 2544 1371 2607 alimentum,
1411 2552 1686 2614 gustantes
1725 2546 1816 2616 qui
1842 2565 1907 2600 ex
1934 2566 1997 2600 eo
2021 2548 2157 2601 acci-

236 2651 382 2722 pient
431 2660 539 2705 tam
590 2650 821 2721 corporis
872 2667 1030 2720 quam
1080 2648 1271 2701 animae
1327 2648 1619 2712 sanitatem,
1679 2668 1775 2720 per
1824 2658 1892 2714 te,
1946 2651 2158 2705 Christe

236 2756 380 2819 Jesu,
410 2755 501 2826 qui
525 2772 714 2824 regnas
739 2753 794 2805 in
821 2751 1018 2805 saecula
1042 2750 1313 2814 saeculum,
1342 2753 1392 2821 p'

312 2868 410 2936 (3.)
475 2865 704 2919 Domine
742 2870 940 2926 sancte,
981 2862 1144 2915 Pater
1181 2862 1530 2932 omnipotenS,
1581 2864 1849 2918 sanctifica
1885 2883 2067 2935 pomas
2105 2873 2160 2919 et

238 2987 400 3022 nuces
429 2968 766 3039 nucleosque,
813 2975 868 3021 et
903 2985 1112 3020 omnem
1131 2967 1359 3019 fructum
1385 2968 1629 3019 arborum
1666 2985 1823 3037 quam
1860 2968 2156 3035 herbarum,

239 3075 329 3144 qui
358 3083 450 3127 tuo
483 3073 701 3144 imperio
738 3090 920 3125 ussum
946 3071 1189 3124 omnibus
1215 3072 1457 3141 praebent
1481 3071 1834 3126 animantibus
1859 3092 1954 3144 per
1997 3083 2030 3130 ζ·
2069 3094 2164 3146 per

239 3196 394 3249 quem
427 3178 543 3232 haec
570 3176 743 3231 omnia

923 3316 1258 3353 BENEDIOE'IO
1299 3316 1481 3353 PUTm.

312 3426 408 3491 (l.)
463 3425 841 3495 Deprecamur,
869 3423 1115 3487 Domine,
1144 3422 1476 3494 clementiam
1503 3422 1714 3493 pietatis
1740 3431 1849 3478 tuae
1874 3432 1935 3478 ut
1973 3444 2162 3497 aquam

1862 3658 1883 3683 ἢ
