<?xml version="1.0" encoding="UTF-8"?>
<!DOCTYPE html PUBLIC "-//W3C//DTD XHTML 1.0 Transitional//EN"
    "http://www.w3.org/TR/xhtml1/DTD/xhtml1-transitional.dtd">
<html xmlns="http://www.w3.org/1999/xhtml" xml:lang="en" lang="en">
 <head>
  <title>
</title>
<meta http-equiv="Content-Type" content="text/html;charset=utf-8" />
  <meta name='ocr-system' content='tesseract 3.04.00' />
  <meta name='ocr-capabilities' content='ocr_page ocr_carea ocr_par ocr_line ocrx_word'/>
</head>
<body>
  <div class='ocr_page' id='page_1' title='image "./ritualeecclesi00cathuoft_0159.png"; bbox 0 0 2268 3952; ppageno 0'>
   <div class='ocr_carea' id='block_1_1' title="bbox 750 266 2030 316">
    <p class='ocr_par' dir='ltr' id='par_1_1' title="bbox 750 266 2030 316">
     <span class='ocr_line' id='line_1_1' title="bbox 750 266 2030 316; baseline 0.006 -8"><span class='ocrx_word' id='word_1_1' title='bbox 750 273 1132 311; x_wconf 79' lang='lat' dir='ltr'>ANoLo-SAon</span> <span class='ocrx_word' id='word_1_2' title='bbox 1174 274 1394 310; x_wconf 61' lang='lat' dir='ltr'>m&#39;ruan.</span> <span class='ocrx_word' id='word_1_3' title='bbox 1935 266 2030 316; x_wconf 81' lang='lat'>131</span> 
     </span>
    </p>
   </div>
   <div class='ocr_carea' id='block_1_2' title="bbox 115 383 2031 467">
    <p class='ocr_par' dir='ltr' id='par_1_2' title="bbox 115 383 2031 467">
     <span class='ocr_line' id='line_1_2' title="bbox 115 383 2031 467; baseline 0.004 -30"><span class='ocrx_word' id='word_1_4' title='bbox 115 383 262 458; x_wconf 87' lang='lat' dir='ltr'>putei</span> <span class='ocrx_word' id='word_1_5' title='bbox 286 384 444 467; x_wconf 86' lang='lat' dir='ltr'>hujus</span> <span class='ocrx_word' id='word_1_6' title='bbox 470 383 764 438; x_wconf 87' lang='lat' dir='ltr'>sanctifices</span> <span class='ocrx_word' id='word_1_7' title='bbox 791 394 845 439; x_wconf 94' lang='lat' dir='ltr'>et</span> <span class='ocrx_word' id='word_1_8' title='bbox 869 387 935 440; x_wconf 92' lang='lat' dir='ltr'>ad</span> <span class='ocrx_word' id='word_1_9' title='bbox 961 406 1290 442; x_wconf 90' lang='lat' dir='ltr'>communem</span> <span class='ocrx_word' id='word_1_10' title='bbox 1316 389 1476 443; x_wconf 88' lang='lat' dir='ltr'>vitam</span> <span class='ocrx_word' id='word_1_11' title='bbox 1515 389 1769 443; x_wconf 80' lang='lat' dir='ltr'><strong>concedas</strong></span> <span class='ocrx_word' id='word_1_12' title='bbox 1807 390 2031 454; x_wconf 88' lang='lat' dir='ltr'>salubre,</span> 
     </span>
    </p>
   </div>
   <div class='ocr_carea' id='block_1_3' title="bbox 115 489 2033 587">
    <p class='ocr_par' dir='ltr' id='par_1_3' title="bbox 115 489 2033 587">
     <span class='ocr_line' id='line_1_3' title="bbox 115 489 2033 587; baseline 0.002 -42"><span class='ocrx_word' id='word_1_13' title='bbox 115 497 170 545; x_wconf 85' lang='lat' dir='ltr'>et</span> <span class='ocrx_word' id='word_1_14' title='bbox 206 490 281 543; x_wconf 89' lang='lat' dir='ltr'>ita</span> <span class='ocrx_word' id='word_1_15' title='bbox 322 508 389 542; x_wconf 85' lang='lat' dir='ltr'>ex</span> <span class='ocrx_word' id='word_1_16' title='bbox 429 508 492 543; x_wconf 93' lang='lat' dir='ltr'>eo</span> <span class='ocrx_word' id='word_1_17' title='bbox 526 489 710 560; x_wconf 87' lang='lat' dir='ltr'>fugare</span> <span class='ocrx_word' id='word_1_18' title='bbox 747 492 977 562; x_wconf 86' lang='lat' dir='ltr'>digneris</span> <span class='ocrx_word' id='word_1_19' title='bbox 1012 512 1219 548; x_wconf 91' lang='lat' dir='ltr'>omnem</span> <span class='ocrx_word' id='word_1_20' title='bbox 1256 495 1514 587; x_wconf 63' lang='lat' dir='ltr'>diabolice</span> <span class='ocrx_word' id='word_1_21' title='bbox 1557 496 1914 566; x_wconf 85' lang='lat' dir='ltr'>temptationis</span> <span class='ocrx_word' id='word_1_22' title='bbox 1954 496 2033 548; x_wconf 91' lang='lat' dir='ltr'>in-</span> 
     </span>
    </p>
   </div>
   <div class='ocr_carea' id='block_1_4' title="bbox 12 592 2031 672">
    <p class='ocr_par' dir='ltr' id='par_1_4' title="bbox 12 592 2031 672">
     <span class='ocr_line' id='line_1_4' title="bbox 12 592 2031 672; baseline 0.004 -25"><span class='ocrx_word' id='word_1_23' title='bbox 12 625 13 629; x_wconf 63' lang='lat'><em>=</em></span> <span class='ocrx_word' id='word_1_24' title='bbox 111 609 336 654; x_wconf 81' lang='lat' dir='ltr'>cursum,</span> <span class='ocrx_word' id='word_1_25' title='bbox 359 599 420 644; x_wconf 94' lang='lat' dir='ltr'>ut</span> <span class='ocrx_word' id='word_1_26' title='bbox 435 592 738 663; x_wconf 87' lang='lat' dir='ltr'>quicunque</span> <span class='ocrx_word' id='word_1_27' title='bbox 755 613 821 648; x_wconf 84' lang='lat' dir='ltr'>ex</span> <span class='ocrx_word' id='word_1_28' title='bbox 840 615 903 649; x_wconf 95' lang='lat' dir='ltr'>eo</span> <span class='ocrx_word' id='word_1_29' title='bbox 919 599 986 650; x_wconf 93' lang='lat' dir='ltr'>ab</span> <span class='ocrx_word' id='word_1_30' title='bbox 1002 597 1089 651; x_wconf 93' lang='lat' dir='ltr'>hic</span> <span class='ocrx_word' id='word_1_31' title='bbox 1109 598 1344 651; x_wconf 83' lang='lat' dir='ltr'>hauserit</span> <span class='ocrx_word' id='word_1_32' title='bbox 1362 599 1645 663; x_wconf 89' lang='lat' dir='ltr'>biberetve,</span> <span class='ocrx_word' id='word_1_33' title='bbox 1664 601 1747 655; x_wconf 84' lang='lat' dir='ltr'>vel</span> <span class='ocrx_word' id='word_1_34' title='bbox 1766 601 1819 653; x_wconf 88' lang='lat' dir='ltr'>in</span> <span class='ocrx_word' id='word_1_35' title='bbox 1838 601 2031 672; x_wconf 88' lang='lat' dir='ltr'>quibus</span> 
     </span>
    </p>
   </div>
   <div class='ocr_carea' id='block_1_5' title="bbox 0 3308 120 3952">
    <p class='ocr_par' dir='ltr' id='par_1_5' title="bbox 0 3308 120 3952">
     <span class='ocr_line' id='line_1_5' title="bbox 0 3308 120 3952; baseline 0 0"><span class='ocrx_word' id='word_1_36' title='bbox 0 3308 120 3952; x_wconf 95' lang='lat' dir='ltr'> </span> 
     </span>
    </p>
   </div>
   <div class='ocr_carea' id='block_1_6' title="bbox 87 695 2032 983">
    <p class='ocr_par' dir='ltr' id='par_1_6' title="bbox 87 695 2032 983">
     <span class='ocr_line' id='line_1_6' title="bbox 113 695 2031 772; baseline 0.004 -21"><span class='ocrx_word' id='word_1_37' title='bbox 113 695 241 751; x_wconf 84' lang='lat' dir='ltr'>libet</span> <span class='ocrx_word' id='word_1_38' title='bbox 282 695 589 750; x_wconf 87' lang='lat' dir='ltr'>necessariis</span> <span class='ocrx_word' id='word_1_39' title='bbox 627 698 809 752; x_wconf 86' lang='lat' dir='ltr'>usibus</span> <span class='ocrx_word' id='word_1_40' title='bbox 853 699 1042 754; x_wconf 89' lang='lat' dir='ltr'>hausta</span> <span class='ocrx_word' id='word_1_41' title='bbox 1072 720 1212 772; x_wconf 87' lang='lat' dir='ltr'>aqua</span> <span class='ocrx_word' id='word_1_42' title='bbox 1251 721 1379 756; x_wconf 87' lang='lat' dir='ltr'>usus</span> <span class='ocrx_word' id='word_1_43' title='bbox 1418 703 1591 767; x_wconf 86' lang='lat' dir='ltr'>fuerit,</span> <span class='ocrx_word' id='word_1_44' title='bbox 1634 705 1797 758; x_wconf 90' lang='lat' dir='ltr'>totius</span> <span class='ocrx_word' id='word_1_45' title='bbox 1822 705 2031 759; x_wconf 86' lang='lat' dir='ltr'>virtutis</span> 
     </span>
     <span class='ocr_line' id='line_1_7' title="bbox 115 800 2032 877; baseline 0.004 -20"><span class='ocrx_word' id='word_1_46' title='bbox 115 819 177 857; x_wconf 82' lang='lat' dir='ltr'>ac</span> <span class='ocrx_word' id='word_1_47' title='bbox 200 801 438 855; x_wconf 87' lang='lat' dir='ltr'>sani-tatis</span> <span class='ocrx_word' id='word_1_48' title='bbox 462 800 741 856; x_wconf 85' lang='lat' dir='ltr'>dulcedine</span> <span class='ocrx_word' id='word_1_49' title='bbox 778 804 1094 873; x_wconf 86' lang='lat' dir='ltr'>perfruatur,</span> <span class='ocrx_word' id='word_1_50' title='bbox 1123 813 1185 858; x_wconf 90' lang='lat' dir='ltr'>ut</span> <span class='ocrx_word' id='word_1_51' title='bbox 1210 805 1306 858; x_wconf 88' lang='lat' dir='ltr'>tibi</span> <span class='ocrx_word' id='word_1_52' title='bbox 1331 824 1539 877; x_wconf 84' lang='lat' dir='ltr'>semper</span> <span class='ocrx_word' id='word_1_53' title='bbox 1572 808 1944 863; x_wconf 88' lang='lat' dir='ltr'>sanctificatori</span> <span class='ocrx_word' id='word_1_54' title='bbox 1977 818 2032 864; x_wconf 91' lang='lat' dir='ltr'>et</span> 
     </span>
     <span class='ocr_line' id='line_1_8' title="bbox 87 897 1729 983; baseline 0.001 -23"><span class='ocrx_word' id='word_1_55' title='bbox 87 982 90 983; x_wconf 8' lang='grc' dir='ltr'><em>γ</em></span> <span class='ocrx_word' id='word_1_56' title='bbox 115 905 358 961; x_wconf 79' lang='lat' dir='ltr'>salvatori</span> <span class='ocrx_word' id='word_1_57' title='bbox 382 905 616 959; x_wconf 91' lang='lat' dir='ltr'>omnium</span> <span class='ocrx_word' id='word_1_58' title='bbox 642 905 874 958; x_wconf 91' lang='lat' dir='ltr'>Domino</span> <span class='ocrx_word' id='word_1_59' title='bbox 899 906 1096 976; x_wconf 81' lang='lat' dir='ltr'>gratias</span> <span class='ocrx_word' id='word_1_60' title='bbox 1121 924 1276 978; x_wconf 86' lang='lat' dir='ltr'>agere</span> <span class='ocrx_word' id='word_1_61' title='bbox 1302 897 1595 972; x_wconf 85' lang='lat' dir='ltr'>mereatur3</span> <span class='ocrx_word' id='word_1_62' title='bbox 1634 927 1729 979; x_wconf 92' lang='lat' dir='ltr'>per</span> 
     </span>
    </p>
   </div>
   <div class='ocr_carea' id='block_1_7' title="bbox 0 0 114 1040">
    <p class='ocr_par' dir='ltr' id='par_1_7' title="bbox 0 0 114 1040">
     <span class='ocr_line' id='line_1_9' title="bbox 0 0 114 1040; baseline 0 0"><span class='ocrx_word' id='word_1_63' title='bbox 0 0 114 1040; x_wconf 95' lang='lat' dir='ltr'> </span> 
     </span>
    </p>
   </div>
   <div class='ocr_carea' id='block_1_8' title="bbox 899 1064 1243 1072">
    <p class='ocr_par' dir='ltr' id='par_1_8' title="bbox 899 1064 1243 1072">
     <span class='ocr_line' id='line_1_10' title="bbox 899 1064 1243 1072; baseline 0 0"><span class='ocrx_word' id='word_1_64' title='bbox 899 1064 1243 1072; x_wconf 95' lang='lat' dir='ltr'> </span> 
     </span>
    </p>
   </div>
   <div class='ocr_carea' id='block_1_9' title="bbox 115 1167 2117 1557">
    <p class='ocr_par' dir='ltr' id='par_1_9' title="bbox 115 1167 2030 1345">
     <span class='ocr_line' id='line_1_11' title="bbox 188 1167 2030 1242; baseline 0 -19"><span class='ocrx_word' id='word_1_65' title='bbox 188 1170 286 1240; x_wconf 91' lang='lat'>(1.)</span> <span class='ocrx_word' id='word_1_66' title='bbox 330 1170 522 1223; x_wconf 84' lang='lat' dir='ltr'>Preces</span> <span class='ocrx_word' id='word_1_67' title='bbox 564 1187 832 1222; x_wconf 90' lang='lat' dir='ltr'>servorum</span> <span class='ocrx_word' id='word_1_68' title='bbox 876 1175 1103 1231; x_wconf 88' lang='lat' dir='ltr'>tuorum,</span> <span class='ocrx_word' id='word_1_69' title='bbox 1150 1168 1301 1221; x_wconf 89' lang='lat' dir='ltr'>Deus</span> <span class='ocrx_word' id='word_1_70' title='bbox 1343 1167 1632 1233; x_wconf 85' lang='lat' dir='ltr'>miserator,</span> <span class='ocrx_word' id='word_1_71' title='bbox 1685 1170 1892 1234; x_wconf 86' lang='lat' dir='ltr'>exaudi,</span> <span class='ocrx_word' id='word_1_72' title='bbox 1939 1171 2030 1242; x_wconf 92' lang='lat' dir='ltr'>qui</span> 
     </span>
     <span class='ocr_line' id='line_1_12' title="bbox 115 1272 1701 1345; baseline -0.003 -16"><span class='ocrx_word' id='word_1_73' title='bbox 115 1275 244 1329; x_wconf 81' lang='lat' dir='ltr'>vivis</span> <span class='ocrx_word' id='word_1_74' title='bbox 263 1283 319 1329; x_wconf 90' lang='lat' dir='ltr'>et</span> <span class='ocrx_word' id='word_1_75' title='bbox 343 1293 531 1345; x_wconf 86' lang='lat' dir='ltr'>regnas</span> <span class='ocrx_word' id='word_1_76' title='bbox 557 1292 651 1345; x_wconf 91' lang='lat' dir='ltr'>per</span> <span class='ocrx_word' id='word_1_77' title='bbox 676 1272 853 1326; x_wconf 91' lang='lat' dir='ltr'>omnia</span> <span class='ocrx_word' id='word_1_78' title='bbox 872 1272 1082 1326; x_wconf 86' lang='lat' dir='ltr'>saecula</span> <span class='ocrx_word' id='word_1_79' title='bbox 1106 1272 1468 1337; x_wconf 86' lang='lat' dir='ltr'>saeculorum3</span> <span class='ocrx_word' id='word_1_80' title='bbox 1512 1274 1701 1326; x_wconf 77' lang='grc' dir='ltr'><strong>ΑΜΕΝ.</strong></span> 
     </span>
    </p>

    <p class='ocr_par' dir='ltr' id='par_1_10' title="bbox 116 1377 2117 1557">
     <span class='ocr_line' id='line_1_13' title="bbox 189 1377 2117 1464; baseline -0.001 -31"><span class='ocrx_word' id='word_1_81' title='bbox 189 1381 287 1450; x_wconf 78' lang='grc'><strong>(2.)</strong></span> <span class='ocrx_word' id='word_1_82' title='bbox 332 1379 556 1443; x_wconf 84' lang='lat' dir='ltr'>Exaudi,</span> <span class='ocrx_word' id='word_1_83' title='bbox 597 1396 900 1450; x_wconf 78' lang='lat' dir='ltr'>quesumuS,</span> <span class='ocrx_word' id='word_1_84' title='bbox 934 1377 1181 1441; x_wconf 90' lang='lat' dir='ltr'>Domine,</span> <span class='ocrx_word' id='word_1_85' title='bbox 1221 1395 1408 1464; x_wconf 63' lang='lat' dir='ltr'>preces</span> <span class='ocrx_word' id='word_1_86' title='bbox 1434 1396 1700 1431; x_wconf 88' lang='lat' dir='ltr'>servorum</span> <span class='ocrx_word' id='word_1_87' title='bbox 1726 1385 1952 1442; x_wconf 90' lang='lat' dir='ltr'>tuorum,</span> <span class='ocrx_word' id='word_1_88' title='bbox 1979 1387 2034 1432; x_wconf 92' lang='lat' dir='ltr'>et</span> <span class='ocrx_word' id='word_1_89' title='bbox 2108 1434 2117 1441; x_wconf 72' lang='grc'><strong>,</strong></span> 
     </span>
     <span class='ocr_line' id='line_1_14' title="bbox 116 1482 2034 1557; baseline 0 -19"><span class='ocrx_word' id='word_1_90' title='bbox 116 1485 312 1557; x_wconf 88' lang='lat' dir='ltr'>perduc</span> <span class='ocrx_word' id='word_1_91' title='bbox 344 1503 441 1538; x_wconf 91' lang='lat' dir='ltr'>nos</span> <span class='ocrx_word' id='word_1_92' title='bbox 477 1485 541 1538; x_wconf 92' lang='lat' dir='ltr'>ad</span> <span class='ocrx_word' id='word_1_93' title='bbox 577 1502 741 1554; x_wconf 87' lang='lat' dir='ltr'>regna</span> <span class='ocrx_word' id='word_1_94' title='bbox 775 1482 1056 1545; x_wconf 88' lang='lat' dir='ltr'>caelorum,</span> <span class='ocrx_word' id='word_1_95' title='bbox 1099 1482 1191 1553; x_wconf 92' lang='lat' dir='ltr'>qui</span> <span class='ocrx_word' id='word_1_96' title='bbox 1227 1482 1358 1535; x_wconf 87' lang='lat' dir='ltr'>vivis</span> <span class='ocrx_word' id='word_1_97' title='bbox 1395 1491 1451 1537; x_wconf 93' lang='lat' dir='ltr'>et</span> <span class='ocrx_word' id='word_1_98' title='bbox 1486 1501 1690 1554; x_wconf 87' lang='lat' dir='ltr'>regnas,</span> <span class='ocrx_word' id='word_1_99' title='bbox 1731 1484 1898 1548; x_wconf 91' lang='lat' dir='ltr'>Deus,</span> <span class='ocrx_word' id='word_1_100' title='bbox 1938 1503 2034 1555; x_wconf 90' lang='lat' dir='ltr'>per</span> 
     </span>
    </p>
   </div>
   <div class='ocr_carea' id='block_1_10' title="bbox 98 1589 1083 1683">
    <p class='ocr_par' dir='ltr' id='par_1_11' title="bbox 98 1589 1083 1683">
     <span class='ocr_line' id='line_1_15' title="bbox 98 1589 1083 1683; baseline -0.007 -38"><span class='ocrx_word' id='word_1_101' title='bbox 98 1591 291 1645; x_wconf 86' lang='lat' dir='ltr'>-omnia</span> <span class='ocrx_word' id='word_1_102' title='bbox 314 1591 496 1669; x_wconf 46' lang='lat' dir='ltr'>sccula</span> <span class='ocrx_word' id='word_1_103' title='bbox 520 1589 850 1683; x_wconf 56' lang='lat' dir='ltr'>seculorum3</span> <span class='ocrx_word' id='word_1_104' title='bbox 892 1589 1083 1640; x_wconf 76' lang='lat' dir='ltr'><strong>AMEN.</strong></span> 
     </span>
    </p>
   </div>
   <div class='ocr_carea' id='block_1_11' title="bbox 621 1794 1435 2178">
    <p class='ocr_par' dir='ltr' id='par_1_12' title="bbox 621 1794 1435 2178">
     <span class='ocr_line' id='line_1_16' title="bbox 621 1794 1349 1865; baseline -0.001 -17"><span class='ocrx_word' id='word_1_105' title='bbox 621 1800 684 1865; x_wconf 71' lang='lat'>›1‹</span> <span class='ocrx_word' id='word_1_106' title='bbox 707 1796 910 1849; x_wconf 87' lang='lat' dir='ltr'>Auctor</span> <span class='ocrx_word' id='word_1_107' title='bbox 936 1795 1119 1848; x_wconf 87' lang='lat' dir='ltr'>salutis</span> <span class='ocrx_word' id='word_1_108' title='bbox 1146 1794 1349 1858; x_wconf 89' lang='lat' dir='ltr'>unicus,</span> 
     </span>
     <span class='ocr_line' id='line_1_17' title="bbox 623 1898 1363 1961; baseline -0.003 -9"><span class='ocrx_word' id='word_1_109' title='bbox 623 1899 819 1952; x_wconf 91' lang='lat' dir='ltr'>Mundi</span> <span class='ocrx_word' id='word_1_110' title='bbox 844 1900 1107 1953; x_wconf 89' lang='lat' dir='ltr'>redemtor</span> <span class='ocrx_word' id='word_1_111' title='bbox 1134 1898 1363 1961; x_wconf 89' lang='lat' dir='ltr'>inclitus,</span> 
     </span>
     <span class='ocr_line' id='line_1_18' title="bbox 625 1981 1435 2067; baseline -0.004 -9"><span class='ocrx_word' id='word_1_112' title='bbox 625 2005 730 2067; x_wconf 91' lang='lat' dir='ltr'>Tu,</span> <span class='ocrx_word' id='word_1_113' title='bbox 760 2004 988 2067; x_wconf 88' lang='lat' dir='ltr'>Christe,</span> <span class='ocrx_word' id='word_1_114' title='bbox 1016 1981 1167 2056; x_wconf 81' lang='lat' dir='ltr'>nobis</span> <span class='ocrx_word' id='word_1_115' title='bbox 1192 2021 1435 2065; x_wconf 89' lang='lat' dir='ltr'>annuam,</span> 
     </span>
     <span class='ocr_line' id='line_1_19' title="bbox 623 2108 1332 2178; baseline -0.003 -16"><span class='ocrx_word' id='word_1_116' title='bbox 623 2108 811 2162; x_wconf 90' lang='lat' dir='ltr'>Crucis</span> <span class='ocrx_word' id='word_1_117' title='bbox 837 2108 1072 2161; x_wconf 90' lang='lat' dir='ltr'>secunda</span> <span class='ocrx_word' id='word_1_118' title='bbox 1096 2108 1332 2178; x_wconf 85' lang='lat' dir='ltr'>gloriam.</span> 
     </span>
    </p>
   </div>
   <div class='ocr_carea' id='block_1_12' title="bbox 622 2237 1530 2509">
    <p class='ocr_par' dir='ltr' id='par_1_13' title="bbox 622 2237 1530 2509">
     <span class='ocr_line' id='line_1_20' title="bbox 693 2237 1530 2308; baseline -0.001 -17"><span class='ocrx_word' id='word_1_119' title='bbox 693 2239 783 2291; x_wconf 94' lang='lat' dir='ltr'>Tu</span> <span class='ocrx_word' id='word_1_120' title='bbox 808 2245 981 2308; x_wconf 88' lang='lat' dir='ltr'>sputa,</span> <span class='ocrx_word' id='word_1_121' title='bbox 1010 2237 1277 2308; x_wconf 91' lang='lat' dir='ltr'>colaphos,</span> <span class='ocrx_word' id='word_1_122' title='bbox 1305 2238 1530 2301; x_wconf 87' lang='lat' dir='ltr'>vincula,</span> 
     </span>
     <span class='ocr_line' id='line_1_21' title="bbox 623 2344 1302 2415; baseline -0.003 -18"><span class='ocrx_word' id='word_1_123' title='bbox 623 2345 697 2397; x_wconf 89' lang='lat' dir='ltr'>Et</span> <span class='ocrx_word' id='word_1_124' title='bbox 720 2344 835 2397; x_wconf 90' lang='lat' dir='ltr'>dira</span> <span class='ocrx_word' id='word_1_125' title='bbox 858 2361 1044 2415; x_wconf 86' lang='lat' dir='ltr'>passus</span> <span class='ocrx_word' id='word_1_126' title='bbox 1069 2344 1302 2406; x_wconf 84' lang='lat' dir='ltr'>verbera,</span> 
     </span>
     <span class='ocr_line' id='line_1_22' title="bbox 622 2426 1411 2509; baseline -0.005 -6"><span class='ocrx_word' id='word_1_127' title='bbox 622 2426 851 2504; x_wconf 81' lang='lat' dir='ltr'>Crucem</span> <span class='ocrx_word' id='word_1_128' title='bbox 877 2447 1056 2500; x_wconf 91' lang='lat' dir='ltr'>volens</span> <span class='ocrx_word' id='word_1_129' title='bbox 1085 2446 1411 2509; x_wconf 89' lang='lat' dir='ltr'>ascenderas,</span> 
     </span>
    </p>
   </div>
   <div class='ocr_carea' id='block_1_13' title="bbox 624 2552 1270 2622">
    <p class='ocr_par' dir='ltr' id='par_1_14' title="bbox 624 2552 1270 2622">
     <span class='ocr_line' id='line_1_23' title="bbox 624 2552 1270 2622; baseline -0.003 -15"><span class='ocrx_word' id='word_1_130' title='bbox 624 2555 851 2607; x_wconf 86' lang='lat' dir='ltr'>Nostrae</span> <span class='ocrx_word' id='word_1_131' title='bbox 877 2552 1061 2606; x_wconf 88' lang='lat' dir='ltr'>salutis</span> <span class='ocrx_word' id='word_1_132' title='bbox 1086 2552 1270 2622; x_wconf 87' lang='lat' dir='ltr'>gratia.</span> 
     </span>
    </p>
   </div>
   <div class='ocr_carea' id='block_1_14' title="bbox 560 2683 1532 2957">
    <p class='ocr_par' dir='ltr' id='par_1_15' title="bbox 560 2683 1532 2957">
     <span class='ocr_line' id='line_1_24' title="bbox 695 2683 1532 2744; baseline -0.007 -3"><span class='ocrx_word' id='word_1_133' title='bbox 695 2688 839 2741; x_wconf 91' lang='lat' dir='ltr'>Hinc</span> <span class='ocrx_word' id='word_1_134' title='bbox 865 2694 1084 2739; x_wconf 88' lang='lat' dir='ltr'>mortem</span> <span class='ocrx_word' id='word_1_135' title='bbox 1110 2692 1278 2738; x_wconf 90' lang='lat' dir='ltr'>morte</span> <span class='ocrx_word' id='word_1_136' title='bbox 1303 2683 1532 2744; x_wconf 89' lang='lat' dir='ltr'>diruens,</span> 
     </span>
     <span class='ocr_line' id='line_1_25' title="bbox 560 2789 1364 2863; baseline -0.007 -16"><span class='ocrx_word' id='word_1_137' title='bbox 560 2857 564 2860; x_wconf 16' lang='lat'>⁶</span> <span class='ocrx_word' id='word_1_138' title='bbox 620 2794 799 2847; x_wconf 86' lang='lat' dir='ltr'>Vitam</span> <span class='ocrx_word' id='word_1_139' title='bbox 827 2810 963 2863; x_wconf 88' lang='lat' dir='ltr'>quae</span> <span class='ocrx_word' id='word_1_140' title='bbox 988 2791 1098 2844; x_wconf 86' lang='lat' dir='ltr'>vita</span> <span class='ocrx_word' id='word_1_141' title='bbox 1121 2789 1364 2860; x_wconf 86' lang='lat' dir='ltr'>largiens,</span> 
     </span>
     <span class='ocr_line' id='line_1_26' title="bbox 622 2895 1460 2957; baseline -0.007 -5"><span class='ocrx_word' id='word_1_142' title='bbox 622 2899 816 2953; x_wconf 91' lang='lat' dir='ltr'>Mortis</span> <span class='ocrx_word' id='word_1_143' title='bbox 839 2898 1137 2951; x_wconf 90' lang='lat' dir='ltr'>ministrum</span> <span class='ocrx_word' id='word_1_144' title='bbox 1163 2895 1460 2957; x_wconf 88' lang='lat' dir='ltr'>subdolum,</span> 
     </span>
    </p>
   </div>
   <div class='ocr_carea' id='block_1_15' title="bbox 622 3002 1316 3058">
    <p class='ocr_par' dir='ltr' id='par_1_16' title="bbox 622 3002 1316 3058">
     <span class='ocr_line' id='line_1_27' title="bbox 622 3002 1316 3058; baseline -0.007 0"><span class='ocrx_word' id='word_1_145' title='bbox 622 3004 909 3058; x_wconf 83' lang='lat' dir='ltr'>Deviceras</span> <span class='ocrx_word' id='word_1_146' title='bbox 935 3002 1216 3056; x_wconf 88' lang='lat' dir='ltr'>diabolum.</span> <span class='ocrx_word' id='word_1_147' title='bbox 1306 3046 1316 3054; x_wconf 88' lang='lat'><strong>.</strong></span> 
     </span>
    </p>
   </div>
   <div class='ocr_carea' id='block_1_16' title="bbox 531 3128 1452 3515">
    <p class='ocr_par' dir='ltr' id='par_1_17' title="bbox 531 3128 1452 3515">
     <span class='ocr_line' id='line_1_28' title="bbox 693 3128 1452 3202; baseline -0.009 -17"><span class='ocrx_word' id='word_1_148' title='bbox 693 3133 862 3186; x_wconf 40' lang='lat' dir='ltr'>Nunc*</span> <span class='ocrx_word' id='word_1_149' title='bbox 876 3132 933 3184; x_wconf 90' lang='lat' dir='ltr'>in</span> <span class='ocrx_word' id='word_1_150' title='bbox 961 3130 1195 3202; x_wconf 89' lang='lat' dir='ltr'>parentis</span> <span class='ocrx_word' id='word_1_151' title='bbox 1219 3128 1452 3188; x_wconf 85' lang='lat' dir='ltr'>dextera,</span> 
     </span>
     <span class='ocr_line' id='line_1_29' title="bbox 583 3234 1326 3307; baseline -0.012 -14"><span class='ocrx_word' id='word_1_152' title='bbox 583 3238 587 3242; x_wconf 75' lang='grc'><strong>’</strong></span> <span class='ocrx_word' id='word_1_153' title='bbox 628 3240 844 3293; x_wconf 88' lang='lat' dir='ltr'>Sacrata</span> <span class='ocrx_word' id='word_1_154' title='bbox 866 3237 1074 3307; x_wconf 85' lang='lat' dir='ltr'>fulgens</span> <span class='ocrx_word' id='word_1_155' title='bbox 1098 3234 1326 3295; x_wconf 84' lang='lat' dir='ltr'>victima,</span> 
     </span>
     <span class='ocr_line' id='line_1_30' title="bbox 531 3337 1303 3412; baseline -0.01 -16"><span class='ocrx_word' id='word_1_156' title='bbox 531 3399 542 3406; x_wconf 62' lang='grc'>,</span> <span class='ocrx_word' id='word_1_157' title='bbox 625 3342 786 3406; x_wconf 92' lang='lat' dir='ltr'>Audi,</span> <span class='ocrx_word' id='word_1_158' title='bbox 813 3358 1103 3412; x_wconf 87' lang='lat' dir='ltr'>precamur,</span> <span class='ocrx_word' id='word_1_159' title='bbox 1131 3337 1303 3391; x_wconf 87' lang='lat' dir='ltr'>vivido</span> 
     </span>
     <span class='ocr_line' id='line_1_31' title="bbox 625 3440 1364 3515; baseline -0.011 -16"><span class='ocrx_word' id='word_1_160' title='bbox 625 3447 747 3499; x_wconf 93' lang='lat' dir='ltr'>Tuo</span> <span class='ocrx_word' id='word_1_161' title='bbox 772 3446 1070 3515; x_wconf 83' lang='lat' dir='ltr'>redemptos</span> <span class='ocrx_word' id='word_1_162' title='bbox 1098 3440 1364 3511; x_wconf 86' lang='lat' dir='ltr'>sanguine.</span> 
     </span>
    </p>
   </div>
  </div>
 </body>
</html>
