<?xml version="1.0" encoding="UTF-8"?>
<!DOCTYPE html PUBLIC "-//W3C//DTD XHTML 1.0 Transitional//EN"
    "http://www.w3.org/TR/xhtml1/DTD/xhtml1-transitional.dtd">
<html xmlns="http://www.w3.org/1999/xhtml" xml:lang="en" lang="en">
 <head>
  <title>
</title>
<meta http-equiv="Content-Type" content="text/html;charset=utf-8" />
  <meta name='ocr-system' content='tesseract 3.04.00' />
  <meta name='ocr-capabilities' content='ocr_page ocr_carea ocr_par ocr_line ocrx_word'/>
</head>
<body>
  <div class='ocr_page' id='page_1' title='image "./ritualeecclesi00cathuoft_0189.png"; bbox 0 0 2268 3952; ppageno 0'>
   <div class='ocr_carea' id='block_1_1' title="bbox 0 0 148 3952">
    <p class='ocr_par' dir='ltr' id='par_1_1' title="bbox 0 0 148 3952">
     <span class='ocr_line' id='line_1_1' title="bbox 0 0 148 3952; baseline 0 0"><span class='ocrx_word' id='word_1_1' title='bbox 0 0 148 3952; x_wconf 95' lang='lat' dir='ltr'> </span> 
     </span>
    </p>
   </div>
   <div class='ocr_carea' id='block_1_2' title="bbox 805 245 2086 295">
    <p class='ocr_par' dir='ltr' id='par_1_2' title="bbox 805 245 2086 295">
     <span class='ocr_line' id='line_1_2' title="bbox 805 245 2086 295; baseline 0.004 -5"><span class='ocrx_word' id='word_1_2' title='bbox 805 254 1193 291; x_wconf 59' lang='lat' dir='ltr'>,moto-saxon</span> <span class='ocrx_word' id='word_1_3' title='bbox 1235 256 1452 292; x_wconf 65' lang='lat' dir='ltr'>arrum„</span> <span class='ocrx_word' id='word_1_4' title='bbox 1993 245 2086 295; x_wconf 86' lang='lat'>161</span> 
     </span>
    </p>
   </div>
   <div class='ocr_carea' id='block_1_3' title="bbox 166 436 2089 1039">
    <p class='ocr_par' dir='ltr' id='par_1_3' title="bbox 166 436 2089 1039">
     <span class='ocr_line' id='line_1_3' title="bbox 690 436 1570 489; baseline 0.003 -4"><span class='ocrx_word' id='word_1_5' title='bbox 690 450 749 485; x_wconf 78' lang='lat' dir='ltr'>m</span> <span class='ocrx_word' id='word_1_6' title='bbox 791 436 984 487; x_wconf 74' lang='lat' dir='ltr'>NATAL’</span> <span class='ocrx_word' id='word_1_7' title='bbox 1025 452 1195 489; x_wconf 74' lang='lat' dir='ltr'>umus</span> <span class='ocrx_word' id='word_1_8' title='bbox 1234 452 1570 488; x_wconf 73' lang='lat' dir='ltr'><strong>MARTYRUM.</strong></span> 
     </span>
     <span class='ocr_line' id='line_1_4' title="bbox 241 541 1021 615; baseline 0.008 -22"><span class='ocrx_word' id='word_1_9' title='bbox 241 542 340 611; x_wconf 88' lang='lat'><em>(1.)</em></span> <span class='ocrx_word' id='word_1_10' title='bbox 382 541 679 597; x_wconf 84' lang='lat' dir='ltr'>Laetabitur</span> <span class='ocrx_word' id='word_1_11' title='bbox 695 545 873 615; x_wconf 89' lang='lat' dir='ltr'>justus</span> <span class='ocrx_word' id='word_1_12' title='bbox 899 564 1021 599; x_wconf 89' lang='lat' dir='ltr'>cum</span> 
     </span>
     <span class='ocr_line' id='line_1_5' title="bbox 241 646 1334 714; baseline 0.005 -15"><span class='ocrx_word' id='word_1_13' title='bbox 241 646 342 700; x_wconf 91' lang='lat' dir='ltr'>Ps&#39;.</span> <span class='ocrx_word' id='word_1_14' title='bbox 385 648 609 712; x_wconf 83' lang='lat' dir='ltr'><strong>Exaudi,</strong></span> <span class='ocrx_word' id='word_1_15' title='bbox 637 649 804 714; x_wconf 90' lang='lat' dir='ltr'>Deus,</span> <span class='ocrx_word' id='word_1_16' title='bbox 833 651 1122 706; x_wconf 87' lang='lat' dir='ltr'>orationem</span> <span class='ocrx_word' id='word_1_17' title='bbox 1149 670 1334 705; x_wconf 88' lang='lat' dir='ltr'>meam.</span> 
     </span>
     <span class='ocr_line' id='line_1_6' title="bbox 242 753 2087 828; baseline 0.003 -23"><span class='ocrx_word' id='word_1_18' title='bbox 242 753 343 822; x_wconf 79' lang='lat'><strong>(2.)</strong></span> <span class='ocrx_word' id='word_1_19' title='bbox 387 754 550 818; x_wconf 88' lang='lat' dir='ltr'>Deus,</span> <span class='ocrx_word' id='word_1_20' title='bbox 597 756 689 827; x_wconf 88' lang='lat' dir='ltr'>qui</span> <span class='ocrx_word' id='word_1_21' title='bbox 729 775 824 811; x_wconf 87' lang='lat' dir='ltr'>uos</span> <span class='ocrx_word' id='word_1_22' title='bbox 867 759 1025 822; x_wconf 91' lang='lat' dir='ltr'>beati,</span> <span class='ocrx_word' id='word_1_23' title='bbox 1070 758 1138 822; x_wconf 92' lang='lat' dir='ltr'>il&#39;,</span> <span class='ocrx_word' id='word_1_24' title='bbox 1165 757 1408 828; x_wconf 86' lang='lat' dir='ltr'>martyris</span> <span class='ocrx_word' id='word_1_25' title='bbox 1434 756 1511 811; x_wconf 92' lang='lat' dir='ltr'>tui</span> <span class='ocrx_word' id='word_1_26' title='bbox 1547 774 1723 810; x_wconf 89' lang='lat' dir='ltr'>annua</span> <span class='ocrx_word' id='word_1_27' title='bbox 1756 756 2087 810; x_wconf 78' lang='lat' dir='ltr'>solemnitate</span> 
     </span>
     <span class='ocr_line' id='line_1_7' title="bbox 166 853 2089 942; baseline 0.004 -36"><span class='ocrx_word' id='word_1_28' title='bbox 166 853 402 942; x_wconf 55' lang='lat' dir='ltr'>letificas,</span> <span class='ocrx_word' id='word_1_29' title='bbox 450 860 677 914; x_wconf 85' lang='lat' dir='ltr'>concede</span> <span class='ocrx_word' id='word_1_30' title='bbox 727 861 1002 932; x_wconf 89' lang='lat' dir='ltr'>propitius,</span> <span class='ocrx_word' id='word_1_31' title='bbox 1057 870 1116 915; x_wconf 89' lang='lat' dir='ltr'>ut</span> <span class='ocrx_word' id='word_1_32' title='bbox 1166 862 1318 932; x_wconf 89' lang='lat' dir='ltr'>cujus</span> <span class='ocrx_word' id='word_1_33' title='bbox 1367 861 1616 916; x_wconf 86' lang='lat' dir='ltr'>natalicia</span> <span class='ocrx_word' id='word_1_34' title='bbox 1665 861 1886 916; x_wconf 85' lang='lat' dir='ltr'>colimus</span> <span class='ocrx_word' id='word_1_35' title='bbox 1929 860 2089 914; x_wconf 90' lang='lat' dir='ltr'>etiam</span> 
     </span>
     <span class='ocr_line' id='line_1_8' title="bbox 166 961 825 1039; baseline 0.011 -25"><span class='ocrx_word' id='word_1_36' title='bbox 166 961 397 1017; x_wconf 83' lang='lat' dir='ltr'>actiones</span> <span class='ocrx_word' id='word_1_37' title='bbox 422 964 702 1030; x_wconf 89' lang='lat' dir='ltr'>imitemur,</span> <span class='ocrx_word' id='word_1_38' title='bbox 731 986 825 1039; x_wconf 89' lang='lat' dir='ltr'>per</span> 
     </span>
    </p>
   </div>
   <div class='ocr_carea' id='block_1_4' title="bbox 155 1138 2091 1836">
    <p class='ocr_par' dir='ltr' id='par_1_4' title="bbox 813 1138 1437 1189">
     <span class='ocr_line' id='line_1_9' title="bbox 813 1138 1437 1189; baseline -0.002 -1"><span class='ocrx_word' id='word_1_39' title='bbox 813 1138 928 1189; x_wconf 78' lang='lat' dir='ltr'>LEc’</span> <span class='ocrx_word' id='word_1_40' title='bbox 968 1138 1077 1188; x_wconf 78' lang='lat' dir='ltr'>LIB&#39;</span> <span class='ocrx_word' id='word_1_41' title='bbox 1116 1152 1437 1188; x_wconf 78' lang='lat' dir='ltr'>SAPIENTIAE.</span> 
     </span>
    </p>

    <p class='ocr_par' dir='ltr' id='par_1_5' title="bbox 155 1240 2091 1836">
     <span class='ocr_line' id='line_1_10' title="bbox 238 1240 2088 1314; baseline 0.001 -21"><span class='ocrx_word' id='word_1_42' title='bbox 238 1241 336 1310; x_wconf 87' lang='lat'><strong>(1.)</strong></span> <span class='ocrx_word' id='word_1_43' title='bbox 381 1240 580 1295; x_wconf 84' lang='lat' dir='ltr'>Beatus</span> <span class='ocrx_word' id='word_1_44' title='bbox 618 1242 698 1295; x_wconf 88' lang='lat' dir='ltr'>vir</span> <span class='ocrx_word' id='word_1_45' title='bbox 741 1242 833 1314; x_wconf 92' lang='lat' dir='ltr'>qui</span> <span class='ocrx_word' id='word_1_46' title='bbox 881 1242 937 1295; x_wconf 91' lang='lat' dir='ltr'>in</span> <span class='ocrx_word' id='word_1_47' title='bbox 987 1243 1247 1314; x_wconf 90' lang='lat' dir='ltr'>sapientia</span> <span class='ocrx_word' id='word_1_48' title='bbox 1295 1261 1392 1296; x_wconf 88' lang='lat' dir='ltr'>sua</span> <span class='ocrx_word' id='word_1_49' title='bbox 1433 1241 1739 1305; x_wconf 83' lang='lat' dir='ltr'>morabitur,</span> <span class='ocrx_word' id='word_1_50' title='bbox 1790 1250 1846 1295; x_wconf 95' lang='lat' dir='ltr'>et</span> <span class='ocrx_word' id='word_1_51' title='bbox 1896 1242 1989 1313; x_wconf 91' lang='lat' dir='ltr'>qui</span> <span class='ocrx_word' id='word_1_52' title='bbox 2033 1242 2088 1294; x_wconf 91' lang='lat' dir='ltr'>in</span> 
     </span>
     <span class='ocr_line' id='line_1_11' title="bbox 155 1343 2089 1418; baseline 0.002 -22"><span class='ocrx_word' id='word_1_53' title='bbox 155 1343 380 1414; x_wconf 85' lang='lat' dir='ltr'>justitiae</span> <span class='ocrx_word' id='word_1_54' title='bbox 429 1346 783 1411; x_wconf 79' lang='lat' dir='ltr'>meditabitur,</span> <span class='ocrx_word' id='word_1_55' title='bbox 834 1356 889 1400; x_wconf 92' lang='lat' dir='ltr'>et</span> <span class='ocrx_word' id='word_1_56' title='bbox 935 1347 990 1400; x_wconf 91' lang='lat' dir='ltr'>in</span> <span class='ocrx_word' id='word_1_57' title='bbox 1041 1366 1198 1401; x_wconf 88' lang='lat' dir='ltr'>sensu</span> <span class='ocrx_word' id='word_1_58' title='bbox 1249 1347 1504 1418; x_wconf 85' lang='lat' dir='ltr'>cogitabit</span> <span class='ocrx_word' id='word_1_59' title='bbox 1564 1346 2089 1418; x_wconf 82' lang='lat' dir='ltr'>circumspectionem</span> 
     </span>
     <span class='ocr_line' id='line_1_12' title="bbox 163 1447 2089 1541; baseline 0.004 -41"><span class='ocrx_word' id='word_1_60' title='bbox 163 1447 282 1501; x_wconf 91' lang='lat' dir='ltr'>Dei.</span> <span class='ocrx_word' id='word_1_61' title='bbox 359 1450 585 1520; x_wconf 87' lang='lat' dir='ltr'>Cybavit</span> <span class='ocrx_word' id='word_1_62' title='bbox 609 1450 758 1503; x_wconf 91' lang='lat' dir='ltr'>illum</span> <span class='ocrx_word' id='word_1_63' title='bbox 786 1469 975 1521; x_wconf 88' lang='lat' dir='ltr'>panem</span> <span class='ocrx_word' id='word_1_64' title='bbox 1001 1450 1110 1541; x_wconf 61' lang='lat' dir='ltr'>vite</span> <span class='ocrx_word' id='word_1_65' title='bbox 1135 1459 1191 1504; x_wconf 90' lang='lat' dir='ltr'>et</span> <span class='ocrx_word' id='word_1_66' title='bbox 1214 1451 1533 1515; x_wconf 75' lang='lat' dir='ltr'>intellectuS,</span> <span class='ocrx_word' id='word_1_67' title='bbox 1570 1461 1624 1505; x_wconf 91' lang='lat' dir='ltr'>et</span> <span class='ocrx_word' id='word_1_68' title='bbox 1649 1471 1788 1523; x_wconf 87' lang='lat' dir='ltr'>aqua</span> <span class='ocrx_word' id='word_1_69' title='bbox 1813 1454 2089 1525; x_wconf 85' lang='lat' dir='ltr'>sapientiae</span> 
     </span>
     <span class='ocr_line' id='line_1_13' title="bbox 162 1552 2091 1624; baseline 0.004 -18"><span class='ocrx_word' id='word_1_70' title='bbox 162 1552 405 1607; x_wconf 87' lang='lat' dir='ltr'>salutaris</span> <span class='ocrx_word' id='word_1_71' title='bbox 444 1554 646 1624; x_wconf 88' lang='lat' dir='ltr'>potavit</span> <span class='ocrx_word' id='word_1_72' title='bbox 678 1554 844 1617; x_wconf 90' lang='lat' dir='ltr'>illum,</span> <span class='ocrx_word' id='word_1_73' title='bbox 878 1562 933 1607; x_wconf 93' lang='lat' dir='ltr'>et</span> <span class='ocrx_word' id='word_1_74' title='bbox 966 1553 1259 1608; x_wconf 91' lang='lat' dir='ltr'>firmabitur</span> <span class='ocrx_word' id='word_1_75' title='bbox 1291 1555 1346 1608; x_wconf 92' lang='lat' dir='ltr'>in</span> <span class='ocrx_word' id='word_1_76' title='bbox 1386 1555 1480 1608; x_wconf 92' lang='lat' dir='ltr'>illo</span> <span class='ocrx_word' id='word_1_77' title='bbox 1506 1565 1562 1610; x_wconf 92' lang='lat' dir='ltr'>et</span> <span class='ocrx_word' id='word_1_78' title='bbox 1598 1575 1705 1611; x_wconf 91' lang='lat' dir='ltr'>non</span> <span class='ocrx_word' id='word_1_79' title='bbox 1737 1558 1997 1623; x_wconf 89' lang='lat' dir='ltr'>flectetur,</span> <span class='ocrx_word' id='word_1_80' title='bbox 2034 1569 2091 1613; x_wconf 90' lang='lat' dir='ltr'>et</span> 
     </span>
     <span class='ocr_line' id='line_1_14' title="bbox 161 1658 2091 1737; baseline 0.004 -26"><span class='ocrx_word' id='word_1_81' title='bbox 161 1658 451 1712; x_wconf 87' lang='lat' dir='ltr'>continebit</span> <span class='ocrx_word' id='word_1_82' title='bbox 492 1659 642 1712; x_wconf 89' lang='lat' dir='ltr'>illum</span> <span class='ocrx_word' id='word_1_83' title='bbox 683 1668 738 1714; x_wconf 92' lang='lat' dir='ltr'>et</span> <span class='ocrx_word' id='word_1_84' title='bbox 781 1679 886 1713; x_wconf 92' lang='lat' dir='ltr'>non</span> <span class='ocrx_word' id='word_1_85' title='bbox 932 1661 1298 1726; x_wconf 89' lang='lat' dir='ltr'>confundetur,</span> <span class='ocrx_word' id='word_1_86' title='bbox 1346 1670 1400 1716; x_wconf 88' lang='lat' dir='ltr'>et</span> <span class='ocrx_word' id='word_1_87' title='bbox 1449 1662 1705 1717; x_wconf 84' lang='lat' dir='ltr'>exaltabit</span> <span class='ocrx_word' id='word_1_88' title='bbox 1754 1664 1905 1717; x_wconf 90' lang='lat' dir='ltr'>illum</span> <span class='ocrx_word' id='word_1_89' title='bbox 1947 1667 2091 1737; x_wconf 89' lang='lat' dir='ltr'>apud</span> 
     </span>
     <span class='ocr_line' id='line_1_15' title="bbox 160 1764 2090 1836; baseline 0.004 -20"><span class='ocrx_word' id='word_1_90' title='bbox 160 1764 424 1836; x_wconf 84' lang='lat' dir='ltr'>proximos</span> <span class='ocrx_word' id='word_1_91' title='bbox 474 1784 613 1829; x_wconf 77' lang='lat' dir='ltr'>suOS,</span> <span class='ocrx_word' id='word_1_92' title='bbox 665 1775 720 1820; x_wconf 89' lang='lat' dir='ltr'>et</span> <span class='ocrx_word' id='word_1_93' title='bbox 768 1766 979 1820; x_wconf 91' lang='lat' dir='ltr'>nomine</span> <span class='ocrx_word' id='word_1_94' title='bbox 1029 1775 1230 1821; x_wconf 82' lang='lat' dir='ltr'>aeterno</span> <span class='ocrx_word' id='word_1_95' title='bbox 1278 1768 1596 1822; x_wconf 84' lang='lat' dir='ltr'>hereditabit</span> <span class='ocrx_word' id='word_1_96' title='bbox 1634 1767 1784 1821; x_wconf 90' lang='lat' dir='ltr'>illum</span> <span class='ocrx_word' id='word_1_97' title='bbox 1827 1770 2090 1824; x_wconf 90' lang='lat' dir='ltr'>Dominus</span> 
     </span>
    </p>
   </div>
   <div class='ocr_carea' id='block_1_5' title="bbox 162 1872 531 1927">
    <p class='ocr_par' dir='ltr' id='par_1_6' title="bbox 162 1872 531 1927">
     <span class='ocr_line' id='line_1_16' title="bbox 162 1872 531 1927; baseline 0 -1"><span class='ocrx_word' id='word_1_98' title='bbox 162 1872 313 1927; x_wconf 89' lang='lat' dir='ltr'>Deus</span> <span class='ocrx_word' id='word_1_99' title='bbox 338 1882 531 1927; x_wconf 89' lang='lat' dir='ltr'>noster.</span> 
     </span>
    </p>
   </div>
   <div class='ocr_carea' id='block_1_6' title="bbox 1051 2017 1194 2052">
    <p class='ocr_par' dir='ltr' id='par_1_7' title="bbox 1051 2017 1194 2052">
     <span class='ocr_line' id='line_1_17' title="bbox 1051 2017 1194 2052; baseline 0.014 -2"><span class='ocrx_word' id='word_1_100' title='bbox 1051 2017 1194 2052; x_wconf 78' lang='lat' dir='ltr'>ALIA.</span> 
     </span>
    </p>
   </div>
   <div class='ocr_carea' id='block_1_7' title="bbox 158 2110 2091 2707">
    <p class='ocr_par' dir='ltr' id='par_1_8' title="bbox 158 2110 2091 2499">
     <span class='ocr_line' id='line_1_18' title="bbox 249 2110 2088 2203; baseline -0.001 -40"><span class='ocrx_word' id='word_1_101' title='bbox 249 2111 347 2181; x_wconf 89' lang='lat'><strong>(1.)</strong></span> <span class='ocrx_word' id='word_1_102' title='bbox 405 2111 713 2164; x_wconf 90' lang='lat' dir='ltr'>Ascendant</span> <span class='ocrx_word' id='word_1_103' title='bbox 761 2111 827 2164; x_wconf 93' lang='lat' dir='ltr'>ad</span> <span class='ocrx_word' id='word_1_104' title='bbox 878 2120 947 2174; x_wconf 89' lang='lat' dir='ltr'>te,</span> <span class='ocrx_word' id='word_1_105' title='bbox 1000 2110 1247 2173; x_wconf 92' lang='lat' dir='ltr'>Domine,</span> <span class='ocrx_word' id='word_1_106' title='bbox 1301 2128 1483 2180; x_wconf 88' lang='lat' dir='ltr'>preces</span> <span class='ocrx_word' id='word_1_107' title='bbox 1533 2119 1728 2203; x_wconf 61' lang='lat' dir='ltr'>nostre,</span> <span class='ocrx_word' id='word_1_108' title='bbox 1781 2119 1837 2164; x_wconf 91' lang='lat' dir='ltr'>et</span> <span class='ocrx_word' id='word_1_109' title='bbox 1887 2110 2088 2163; x_wconf 88' lang='lat' dir='ltr'>animas</span> 
     </span>
     <span class='ocr_line' id='line_1_19' title="bbox 158 2215 2091 2287; baseline 0.001 -19"><span class='ocrx_word' id='word_1_110' title='bbox 158 2215 472 2269; x_wconf 87' lang='lat' dir='ltr'>famulorum</span> <span class='ocrx_word' id='word_1_111' title='bbox 498 2216 917 2287; x_wconf 84' lang='lat' dir='ltr'>famularumque</span> <span class='ocrx_word' id='word_1_112' title='bbox 954 2224 1165 2268; x_wconf 90' lang='lat' dir='ltr'>tuarum</span> <span class='ocrx_word' id='word_1_113' title='bbox 1202 2215 1397 2285; x_wconf 88' lang='lat' dir='ltr'>gaudia</span> <span class='ocrx_word' id='word_1_114' title='bbox 1437 2223 1639 2268; x_wconf 88' lang='lat' dir='ltr'>aeterna</span> <span class='ocrx_word' id='word_1_115' title='bbox 1682 2216 1988 2286; x_wconf 86' lang='lat' dir='ltr'>suscipiant,</span> <span class='ocrx_word' id='word_1_116' title='bbox 2030 2225 2091 2269; x_wconf 90' lang='lat' dir='ltr'>ut</span> 
     </span>
     <span class='ocr_line' id='line_1_20' title="bbox 166 2319 2091 2393; baseline 0.001 -19"><span class='ocrx_word' id='word_1_117' title='bbox 166 2339 297 2393; x_wconf 91' lang='lat' dir='ltr'>quos</span> <span class='ocrx_word' id='word_1_118' title='bbox 332 2321 503 2375; x_wconf 80' lang='lat' dir='ltr'>fecisti</span> <span class='ocrx_word' id='word_1_119' title='bbox 546 2322 844 2392; x_wconf 88' lang='lat' dir='ltr'>adoptionis</span> <span class='ocrx_word' id='word_1_120' title='bbox 895 2320 1195 2392; x_wconf 86' lang='lat' dir='ltr'>participes,</span> <span class='ocrx_word' id='word_1_121' title='bbox 1235 2320 1427 2390; x_wconf 89' lang='lat' dir='ltr'>jubeas</span> <span class='ocrx_word' id='word_1_122' title='bbox 1470 2319 1778 2374; x_wconf 85' lang='lat' dir='ltr'>hereditatis</span> <span class='ocrx_word' id='word_1_123' title='bbox 1822 2329 1931 2375; x_wconf 86' lang='lat' dir='ltr'>tuae</span> <span class='ocrx_word' id='word_1_124' title='bbox 1975 2339 2091 2375; x_wconf 90' lang='lat' dir='ltr'>esse</span> 
     </span>
     <span class='ocr_line' id='line_1_21' title="bbox 160 2434 566 2499; baseline 0 -19"><span class='ocrx_word' id='word_1_125' title='bbox 160 2434 443 2491; x_wconf 87' lang='lat' dir='ltr'>consortes,</span> <span class='ocrx_word' id='word_1_126' title='bbox 470 2446 566 2499; x_wconf 89' lang='lat' dir='ltr'>per</span> 
     </span>
    </p>

    <p class='ocr_par' dir='ltr' id='par_1_9' title="bbox 233 2530 1427 2603">
     <span class='ocr_line' id='line_1_22' title="bbox 233 2530 1427 2603; baseline -0.001 -19"><span class='ocrx_word' id='word_1_127' title='bbox 233 2533 333 2601; x_wconf 80' lang='lat'>(2.)</span> <span class='ocrx_word' id='word_1_128' title='bbox 376 2533 580 2586; x_wconf 89' lang='lat' dir='ltr'>Omnes</span> <span class='ocrx_word' id='word_1_129' title='bbox 599 2532 730 2603; x_wconf 91' lang='lat' dir='ltr'>justi</span> <span class='ocrx_word' id='word_1_130' title='bbox 756 2531 1096 2585; x_wconf 88' lang='lat' dir='ltr'>meditabitur</span> <span class='ocrx_word' id='word_1_131' title='bbox 1121 2539 1176 2584; x_wconf 89' lang='lat' dir='ltr'>et</span> <span class='ocrx_word' id='word_1_132' title='bbox 1202 2530 1427 2602; x_wconf 90' lang='lat' dir='ltr'>sapient’</span> 
     </span>
    </p>

    <p class='ocr_par' dir='ltr' id='par_1_10' title="bbox 230 2635 1213 2707">
     <span class='ocr_line' id='line_1_23' title="bbox 230 2635 1213 2707; baseline 0.001 -19"><span class='ocrx_word' id='word_1_133' title='bbox 230 2636 314 2690; x_wconf 89' lang='lat' dir='ltr'>V’.</span> <span class='ocrx_word' id='word_1_134' title='bbox 353 2636 469 2690; x_wconf 86' lang='lat' dir='ltr'>Lex</span> <span class='ocrx_word' id='word_1_135' title='bbox 496 2635 602 2690; x_wconf 92' lang='lat' dir='ltr'>Dei</span> <span class='ocrx_word' id='word_1_136' title='bbox 629 2636 745 2706; x_wconf 90' lang='lat' dir='ltr'>ejus</span> <span class='ocrx_word' id='word_1_137' title='bbox 770 2635 826 2688; x_wconf 92' lang='lat' dir='ltr'>in</span> <span class='ocrx_word' id='word_1_138' title='bbox 850 2636 1006 2690; x_wconf 85' lang='lat' dir='ltr'>corde</span> <span class='ocrx_word' id='word_1_139' title='bbox 1031 2635 1213 2707; x_wconf 79' lang='lat' dir='ltr'>ipsius·</span> 
     </span>
    </p>
   </div>
   <div class='ocr_carea' id='block_1_8' title="bbox 159 2809 2088 3415">
    <p class='ocr_par' dir='ltr' id='par_1_11' title="bbox 374 2809 1867 2880">
     <span class='ocr_line' id='line_1_24' title="bbox 374 2809 1867 2880; baseline -0.003 -16"><span class='ocrx_word' id='word_1_140' title='bbox 374 2828 655 2870; x_wconf 72' lang='lat' dir='ltr'>snoul&#39;rua</span> <span class='ocrx_word' id='word_1_141' title='bbox 680 2809 748 2880; x_wconf 78' lang='lat' dir='ltr'>(P)</span> <span class='ocrx_word' id='word_1_142' title='bbox 790 2826 1155 2862; x_wconf 76' lang='lat' dir='ltr'>EVANGELIUM</span> <span class='ocrx_word' id='word_1_143' title='bbox 1191 2825 1497 2863; x_wconf 76' lang='lat' dir='ltr'>SECUNDUM</span> <span class='ocrx_word' id='word_1_144' title='bbox 1535 2823 1867 2860; x_wconf 76' lang='lat' dir='ltr'>JouANNEM.</span> 
     </span>
    </p>

    <p class='ocr_par' dir='ltr' id='par_1_12' title="bbox 159 2917 2088 3415">
     <span class='ocr_line' id='line_1_25' title="bbox 237 2917 2082 2993; baseline -0.002 -17"><span class='ocrx_word' id='word_1_145' title='bbox 237 2922 334 2993; x_wconf 87' lang='lat'>(1.)</span> <span class='ocrx_word' id='word_1_146' title='bbox 377 2922 442 2975; x_wconf 88' lang='lat' dir='ltr'>In</span> <span class='ocrx_word' id='word_1_147' title='bbox 481 2921 573 2974; x_wconf 92' lang='lat' dir='ltr'>illo</span> <span class='ocrx_word' id='word_1_148' title='bbox 608 2929 844 2992; x_wconf 90' lang='lat' dir='ltr'>tempore</span> <span class='ocrx_word' id='word_1_149' title='bbox 884 2920 1020 2973; x_wconf 87' lang='lat' dir='ltr'>dixit</span> <span class='ocrx_word' id='word_1_150' title='bbox 1065 2920 1157 2973; x_wconf 92' lang='lat' dir='ltr'>Ihs</span> <span class='ocrx_word' id='word_1_151' title='bbox 1200 2919 1475 2990; x_wconf 89' lang='lat' dir='ltr'>discipulis</span> <span class='ocrx_word' id='word_1_152' title='bbox 1520 2917 1644 2981; x_wconf 88' lang='lat' dir='ltr'>suis,</span> <span class='ocrx_word' id='word_1_153' title='bbox 1681 2918 1870 2980; x_wconf 90' lang='lat' dir='ltr'>Amen,</span> <span class='ocrx_word' id='word_1_154' title='bbox 1913 2937 2082 2983; x_wconf 89' lang='lat' dir='ltr'>amen,</span> 
     </span>
     <span class='ocr_line' id='line_1_26' title="bbox 162 3022 2088 3096; baseline -0.003 -15"><span class='ocrx_word' id='word_1_155' title='bbox 162 3027 279 3081; x_wconf 88' lang='lat' dir='ltr'>dico</span> <span class='ocrx_word' id='word_1_156' title='bbox 316 3026 477 3091; x_wconf 88' lang='lat' dir='ltr'>vobis,</span> <span class='ocrx_word' id='word_1_157' title='bbox 523 3026 626 3080; x_wconf 90' lang='lat' dir='ltr'>nisi</span> <span class='ocrx_word' id='word_1_158' title='bbox 675 3043 897 3096; x_wconf 85' lang='lat' dir='ltr'>granum</span> <span class='ocrx_word' id='word_1_159' title='bbox 936 3023 1188 3078; x_wconf 86' lang='lat' dir='ltr'>frumenti</span> <span class='ocrx_word' id='word_1_160' title='bbox 1238 3023 1431 3090; x_wconf 87' lang='lat' dir='ltr'>cadens</span> <span class='ocrx_word' id='word_1_161' title='bbox 1479 3022 1534 3087; x_wconf 84' lang='lat' dir='ltr'>in</span> <span class='ocrx_word' id='word_1_162' title='bbox 1586 3029 1778 3075; x_wconf 87' lang='lat' dir='ltr'>terram</span> <span class='ocrx_word' id='word_1_163' title='bbox 1821 3030 2088 3076; x_wconf 88' lang='lat' dir='ltr'>mortuum</span> 
     </span>
     <span class='ocr_line' id='line_1_27' title="bbox 159 3128 2083 3204; baseline -0.001 -21"><span class='ocrx_word' id='word_1_164' title='bbox 159 3129 334 3196; x_wconf 84' lang='lat' dir='ltr'>fuerit,</span> <span class='ocrx_word' id='word_1_165' title='bbox 360 3132 535 3204; x_wconf 90' lang='lat' dir='ltr'>ipsum</span> <span class='ocrx_word' id='word_1_166' title='bbox 561 3132 732 3186; x_wconf 90' lang='lat' dir='ltr'>solum</span> <span class='ocrx_word' id='word_1_167' title='bbox 756 3143 949 3185; x_wconf 85' lang='lat' dir='ltr'>manet.</span> <span class='ocrx_word' id='word_1_168' title='bbox 1028 3131 1087 3184; x_wconf 92' lang='lat' dir='ltr'>Si</span> <span class='ocrx_word' id='word_1_169' title='bbox 1123 3139 1303 3184; x_wconf 89' lang='lat' dir='ltr'>autem</span> <span class='ocrx_word' id='word_1_170' title='bbox 1341 3137 1607 3182; x_wconf 90' lang='lat' dir='ltr'>mortuum</span> <span class='ocrx_word' id='word_1_171' title='bbox 1644 3128 1820 3191; x_wconf 89' lang='lat' dir='ltr'>fuerit,</span> <span class='ocrx_word' id='word_1_172' title='bbox 1858 3129 2083 3182; x_wconf 89' lang='lat' dir='ltr'>multum</span> 
     </span>
     <span class='ocr_line' id='line_1_28' title="bbox 160 3234 2087 3306; baseline -0.001 -17"><span class='ocrx_word' id='word_1_173' title='bbox 160 3236 386 3292; x_wconf 82' lang='lat' dir='ltr'>fructum</span> <span class='ocrx_word' id='word_1_174' title='bbox 437 3240 603 3293; x_wconf 85' lang='lat' dir='ltr'>affert.</span> <span class='ocrx_word' id='word_1_175' title='bbox 680 3237 791 3300; x_wconf 86' lang='lat' dir='ltr'>Qui</span> <span class='ocrx_word' id='word_1_176' title='bbox 835 3245 977 3291; x_wconf 89' lang='lat' dir='ltr'>amat</span> <span class='ocrx_word' id='word_1_177' title='bbox 1019 3237 1246 3291; x_wconf 89' lang='lat' dir='ltr'>animam</span> <span class='ocrx_word' id='word_1_178' title='bbox 1289 3253 1438 3289; x_wconf 88' lang='lat' dir='ltr'>suam</span> <span class='ocrx_word' id='word_1_179' title='bbox 1483 3235 1672 3306; x_wconf 87' lang='lat' dir='ltr'>perdet</span> <span class='ocrx_word' id='word_1_180' title='bbox 1713 3252 1846 3297; x_wconf 89' lang='lat' dir='ltr'>eam,</span> <span class='ocrx_word' id='word_1_181' title='bbox 1889 3242 1945 3288; x_wconf 90' lang='lat' dir='ltr'>et</span> <span class='ocrx_word' id='word_1_182' title='bbox 1994 3234 2087 3305; x_wconf 92' lang='lat' dir='ltr'>qui</span> 
     </span>
     <span class='ocr_line' id='line_1_29' title="bbox 159 3339 2086 3415; baseline -0.002 -20"><span class='ocrx_word' id='word_1_183' title='bbox 159 3342 332 3411; x_wconf 86' lang='lat' dir='ltr'>perdit</span> <span class='ocrx_word' id='word_1_184' title='bbox 360 3343 428 3415; x_wconf 86' lang='lat'>(?)</span> <span class='ocrx_word' id='word_1_185' title='bbox 459 3344 685 3398; x_wconf 90' lang='lat' dir='ltr'>animam</span> <span class='ocrx_word' id='word_1_186' title='bbox 713 3360 861 3397; x_wconf 85' lang='lat' dir='ltr'>suam</span> <span class='ocrx_word' id='word_1_187' title='bbox 887 3342 942 3394; x_wconf 91' lang='lat' dir='ltr'>in</span> <span class='ocrx_word' id='word_1_188' title='bbox 968 3341 1068 3394; x_wconf 89' lang='lat' dir='ltr'>hoc</span> <span class='ocrx_word' id='word_1_189' title='bbox 1095 3339 1307 3403; x_wconf 90' lang='lat' dir='ltr'>mundo,</span> <span class='ocrx_word' id='word_1_190' title='bbox 1346 3339 1401 3391; x_wconf 90' lang='lat' dir='ltr'>in</span> <span class='ocrx_word' id='word_1_191' title='bbox 1426 3339 1598 3392; x_wconf 47' lang='lat' dir='ltr'>’vitam</span> <span class='ocrx_word' id='word_1_192' title='bbox 1636 3347 1871 3392; x_wconf 88' lang='lat' dir='ltr'>eternam</span> <span class='ocrx_word' id='word_1_193' title='bbox 1909 3347 2086 3392; x_wconf 90' lang='lat' dir='ltr'>custo-</span> 
     </span>
    </p>
   </div>
   <div class='ocr_carea' id='block_1_9' title="bbox 162 3443 2089 3601">
    <p class='ocr_par' dir='ltr' id='par_1_13' title="bbox 162 3443 2089 3601">
     <span class='ocr_line' id='line_1_30' title="bbox 162 3443 2089 3522; baseline -0.001 -22"><span class='ocrx_word' id='word_1_194' title='bbox 162 3446 240 3501; x_wconf 90' lang='lat' dir='ltr'>dit</span> <span class='ocrx_word' id='word_1_195' title='bbox 281 3466 410 3502; x_wconf 86' lang='lat' dir='ltr'>eam.</span> <span class='ocrx_word' id='word_1_196' title='bbox 489 3450 547 3503; x_wconf 89' lang='lat' dir='ltr'>Si</span> <span class='ocrx_word' id='word_1_197' title='bbox 592 3449 710 3522; x_wconf 88' lang='lat' dir='ltr'>quis</span> <span class='ocrx_word' id='word_1_198' title='bbox 755 3448 882 3501; x_wconf 91' lang='lat' dir='ltr'>mihi</span> <span class='ocrx_word' id='word_1_199' title='bbox 932 3446 1211 3509; x_wconf 85' lang='lat' dir='ltr'>ministrat,</span> <span class='ocrx_word' id='word_1_200' title='bbox 1260 3463 1346 3499; x_wconf 90' lang='lat' dir='ltr'>me</span> <span class='ocrx_word' id='word_1_201' title='bbox 1397 3451 1682 3515; x_wconf 86' lang='lat' dir='ltr'>sequatur;</span> <span class='ocrx_word' id='word_1_202' title='bbox 1739 3451 1794 3498; x_wconf 90' lang='lat' dir='ltr'>et</span> <span class='ocrx_word' id='word_1_203' title='bbox 1836 3443 1928 3497; x_wconf 91' lang='lat' dir='ltr'>ubi</span> <span class='ocrx_word' id='word_1_204' title='bbox 1971 3462 2089 3498; x_wconf 89' lang='lat' dir='ltr'>sum</span> 
     </span>
     <span class='ocr_line' id='line_1_31' title="bbox 1820 3566 1856 3601; baseline 0 0"><span class='ocrx_word' id='word_1_205' title='bbox 1820 3566 1856 3601; x_wconf 79' lang='lat' dir='ltr'>Y</span> 
     </span>
    </p>
   </div>
  </div>
 </body>
</html>
