2268 3952
804 254 1196 291 ANoLo-SAxON
1239 256 1459 292 mrum..
1990 245 2089 295 195

560 485 1005 523 INTERPRETATIO
1047 489 1286 526 NOMlle
1324 491 1704 527 SACERDOTUM.

458 596 587 635 sacerd
733 595 840 635 tiss?
929 610 1041 637 nome
1148 600 1267 651 gebry
1268 600 1379 639 csade
1426 613 1503 639 vaes
1692 599 1852 640 Melchi’

249 648 347 717 (1.)
388 648 674 710 Sacerdos;
726 648 850 702 huic
886 649 1098 702 nomine
1154 651 1364 705 functus
1428 661 1508 705 est
1562 650 1971 713 Melchisedech,
2036 658 2091 703 et

214 746 330 774 aaron
456 734 561 775 aerist
670 735 711 773 in
807 749 841 775 ω
1005 736 1259 776 sacerdlichad
1395 751 1506 777 nome
1614 738 1753 788 onseng
1849 748 1876 787 7
1972 735 2051 774 frno

168 787 350 839 Aaron
411 786 613 858 primus
662 786 716 839 in
768 786 885 857 lege
925 788 1302 842 sacerdotalem
1352 807 1542 842 nomen
1584 789 1788 859 accepit
1838 796 1892 840 et
1940 785 2092 839 liberi

196 870 258 910 his
531 873 606 911 sac⁹
795 871 983 923 genomass
1004 872 1073 913 biis
1150 873 1205 913 sa
1223 874 1275 914 ze
1332 887 1358 926 7
1521 888 1623 913 meas
1837 871 2046 923 genommd

171 922 302 993 ejuS.
405 924 716 977 Sacerdotes
765 925 1104 978 nominantur
1167 926 1258 997 qui
1321 936 1375 980 et
1436 924 1726 997 presbyteri
1787 922 2091 992 nuncupati,

188 1009 358 1060 aporden
423 1009 457 1048 is
555 1011 588 1059 -β
724 1023 827 1050 meas
846 1010 886 1062 p'
998 1023 1024 1063 7
1118 1013 1236 1051 bisco'
1425 1014 1500 1051 sac'
1633 1009 1754 1051 bisson
1773 1009 2006 1072 genomnado

171 1060 367 1114 factum
394 1070 476 1115 est
501 1062 643 1133 quod
670 1063 963 1134 presbyteri
990 1073 1044 1118 et
1069 1064 1302 1135 episcopi
1330 1064 1626 1118 sacerdotes
1687 1060 1954 1114 nominati.

445 1172 521 1212 heh
539 1173 657 1211 faeder
782 1173 872 1212 faed'
940 1173 1076 1213 crecisc
1143 1186 1170 1226 7
1214 1174 1305 1214 lae..
1321 1203 1330 1213 .
1370 1175 1418 1213 ah
1519 1188 1573 1214 aec
1681 1174 1823 1213 ebresc⁹
1984 1174 2063 1223 pat⁹

250 1226 348 1295 (2.)
400 1224 708 1278 Patriarcha
756 1233 906 1295 pater
987 1244 1038 1295 g.
1131 1235 1187 1279 et
1252 1226 1286 1278 l.
1353 1226 1443 1279 sed
1518 1235 1572 1279 et
1645 1225 1887 1279 hebraice
1944 1225 2093 1278 abba.

253 1314 309 1352 ar⁹
390 1325 440 1351 on
459 1323 606 1363 cregesc
679 1310 837 1349 aldorm'
892 1324 941 1350 on
959 1311 1075 1350 laedin

16 1370 26 1423 ἑ
176 1363 387 1417 Arohus
483 1381 533 1433 g.
632 1362 877 1433 princeps
975 1363 1009 1415 1.

540 1480 675 1516 metro'
853 1491 901 1516 on
919 1480 1014 1517 crec⁹
1051 1477 1126 1516 heh
1144 1475 1244 1517 faest'
1282 1489 1331 1515 on
1350 1476 1473 1516 laeden
1512 1477 1607 1527 bvrg
1650 1474 1758 1515 οὔδε
1829 1473 1944 1514 ceast’

249 1529 347 1598 (3.)
392 1528 840 1600 Metropolitanus
913 1548 962 1599 g.
1064 1529 1214 1599 polis,
1354 1528 1386 1580 l.
1499 1530 1624 1581 urbs
1673 1527 1755 1580 vel
1800 1526 1997 1580 civitas.

484 1639 624 1679 accolv’
735 1654 782 1679 on
803 1642 897 1679 crec⁹
934 1653 1020 1680 vaex
1038 1641 1219 1680 biorende
1263 1647 1304 1679 to
1413 1647 1452 1679 to
1470 1642 1637 1680 redanne
1770 1638 1937 1701 godepell

255 1693 352 1761 (4.)
396 1692 724 1745 Accoluthus
798 1711 846 1762 g.
953 1693 1182 1746 cerarius
1244 1692 1310 1745 ad
1343 1693 1668 1746 recitandum
1703 1689 2047 1762 evangelium.

446 1805 560 1856 piste'
668 1819 716 1844 on
728 1808 823 1845 crec⁹
876 1806 1020 1857 gitripa
1038 1819 1087 1845 on
1106 1803 1171 1845 lae'

253 1857 351 1927 (5)
396 1818 607 1910 Pipsteus
735 1876 785 1927 g.
934 1857 1121 1911 fidelis,

622 1973 671 1999 on
690 1959 785 1999 crec'
841 1959 1016 2011 gipitnis'
1036 1973 1084 1998 on
1103 1960 1164 1998 lae’
1209 1961 1240 2007 -β
1344 1960 1378 1997 is
1498 1958 1691 2008 ‘Brovnges
1791 1968 1817 2007 7
1945 1955 2075 1995 blodes

254 2010 352 2080 (6.)
397 1972 606 2083 Martyr
704 2031 755 2082 g.
904 2011 1124 2065 testisl.
1199 2010 1254 2063 id
1316 2018 1411 2073 est,
1468 2009 1724 2081 passionis
1780 2018 1835 2061 et
1890 2006 2102 2077 sanguis

206 2096 339 2136 cristes

88 2126 102 2145 α’
183 2148 398 2202 Christi.

492 2276 568 2327 ‘epi
657 2315 668 2326 ·
747 2276 796 2303 on
815 2266 910 2303 crec'
965 2276 1013 2302 on
1032 2262 1120 2302 laed'
1259 2259 1404 2322 ypping

258 2316 356 2383 (7.)
402 2315 707 2387 Eplphanla
817 2334 867 2386 g.
960 2315 1122 2368 latine
1161 2310 1528 2365 manifestatiO.

496 2429 587 2478 ypa⁹
713 2440 762 2467 on
780 2426 875 2467 crec’
939 2440 987 2465 on
1007 2427 1095 2466 laed'
1202 2423 1371 2486 gaegnge’
1455 2425 1487 2472 «β
1571 2422 1604 2460 is
1686 2420 1740 2460 &a
1757 2421 1843 2460 aldo
1965 2421 2059 2460 folcv

262 2481 359 2550 (8.)
400 2479 685 2550 Ypapante
773 2498 822 2550 g.
935 2479 1097 2532 latine
1149 2476 1394 2539 obbiatio,
1445 2474 1498 2527 id
1537 2482 1633 2537 est,
1676 2473 1878 2543 antiqui
1919 2473 2103 2544 plebis.

304 2608 339 2643 ὕ
635 2608 669 2642 *-
966 2607 1001 2640 *
1296 2604 1330 2638 *-
1625 2603 1660 2636 ⁴*
1955 2602 1989 2636 ἕ

483 2700 515 2734 *⁵
809 2698 844 2732 *-
1139 2697 1173 2730 ※
1466 2694 1501 2728 θ’
1798 2693 1831 2727 ⁴*

370 2865 597 2902 NOMINA
635 2863 905 2901 LOCORUM
945 2863 1005 2897 IN
1045 2862 1160 2903 QUO
1198 2860 1460 2897 APOSTOLI
1502 2856 1900 2900 REQUIESCUNT.

425 2978 464 3004 se
482 2964 602 3015 eadga
710 2961 869 3002 mahthe
1076 2962 1138 3011 ap'
1302 2970 1329 3009 7
1438 2956 1670 3018 godspellcre
1787 2953 1963 3014 gimeste'
2058 2963 2107 2988 on

267 3016 367 3085 (1.)
411 3016 612 3070 Beatus
663 3014 919 3067 Matheus
969 3011 1239 3082 apostolus
1281 3018 1336 3062 et
1378 3007 1700 3078 evangelista
1748 3001 2006 3074 requievit
2055 3001 2108 3053 in

206 3100 325 3141 earsse
402 3101 571 3141 armenia
660 3112 709 3137 on
765 3098 878 3137 londe
945 3098 1127 3137 amanito'
1144 3095 1238 3134 &ara
1258 3094 1360 3132 lioda

193 3161 334 3208 terra
359 3152 628 3213 Armenia,
667 3150 721 3202 in
762 3158 902 3203 terra
974 3147 1359 3201 Amanitorum.

436 3280 476 3306 se
495 3267 615 3317 eadga
732 3265 846 3302 marc'
979 3260 1032 3301 'Se
1049 3262 1122 3313 god
1337 3254 1513 3319 gei-estez
1625 3253 1792 3293 Alexan⁹
1814 3251 1855 3290 in
1874 3249 1960 3290 Saer
1971 3249 2084 3302 byrig

270 3318 368 3388 (2.)
412 3318 612 3371 Beatus
675 3314 895 3368 Marcus
933 3259 1255 3383 evangelista
1296 3306 1579 3380 requiescit
1687 3302 2035 3364 Alexandrea,

195 3402 238 3443 in
355 3403 505 3467 meg‘Be
622 3402 766 3452 egiptes

196 3454 252 3508 in
276 3456 544 3548 provincia
569 3452 809 3524 AEgypti.
