2268 3952
849 268 1236 306 Aucto-saxon
1279 270 1498 307 mrum„
2009 261 2108 311 158

183 383 331 453 regni
367 384 578 463 celestis
618 385 817 439 animas
851 386 1051 455 ligandi
1095 396 1256 457 atque
1290 388 1522 441 solvendi
1559 389 1921 459 pontificatum
1950 391 2108 443 tradi-

183 487 321 550 disti,
350 489 559 559 suscipe
587 490 845 560 propitius
883 509 1067 562 preces
1097 501 1319 556 nostras,
1349 511 1655 564 quaesumus
1682 493 1928 559 Domine,
1955 495 2102 549 auxi-

184 592 328 656 lium,
355 601 416 646 ut
440 612 473 646 a
496 605 830 665 peccatorum
856 605 1154 650 nostrorum
1183 598 1407 652 nexibus
1432 598 1729 663 liberemur,
1759 619 1853 671 per

969 766 1312 803 ANTIPHONA.

261 858 358 926 (1.)
400 857 641 911 Andreas
668 858 868 912 Christi
885 858 1114 913 famulus
1140 860 1335 930 dignus
1362 861 1481 913 Deo
1507 858 1794 930 apostolus,
1822 877 2106 928 germanus

186 960 331 1015 Petri
356 969 411 1014 et
447 961 502 1013 in
526 961 769 1032 passione
807 963 995 1016 socius.
1073 964 1315 1017 Andreas
1341 981 1464 1016 vero
1490 964 1711 1033 rogabat
1734 963 1802 1016 ad
1827 965 2100 1034 populum,

185 1084 252 1120 ne
276 1066 575 1138 inpedirent
599 1066 898 1138 passionem
925 1068 1055 1138 ejus.

1034 1243 1257 1278 ORATIO.

262 1334 359 1403 (1.)
403 1333 744 1404 Majestatem
771 1345 932 1399 tuam,
961 1337 1207 1401 Domine,
1236 1337 1510 1407 supliciter
1536 1354 1829 1398 exoramus,
1871 1342 1931 1387 ut
1968 1333 2107 1387 sicut

185 1436 417 1491 eclessiae
444 1447 551 1491 tuae
577 1439 763 1492 beatus
804 1440 1046 1494 Andreas
1088 1441 1358 1513 apostolus
1402 1451 1526 1495 tuus
1568 1441 1773 1495 exstitit
1806 1439 2109 1510 predicator

186 1552 241 1596 et
264 1551 451 1608 rector,
473 1544 548 1598 ita
572 1547 712 1617 apud
741 1555 793 1600 te
819 1547 889 1601 sit
915 1566 1010 1619 pro
1036 1548 1187 1603 nobis
1213 1558 1503 1621 perpetuus
1528 1549 1857 1611 intercessor,
1885 1564 1980 1615 per

957 1713 1029 1747 Ao
1068 1697 1339 1749 APOSTOL’.

257 1808 356 1877 (1.)
399 1806 572 1859 Nimis
597 1805 837 1859 honorati
864 1815 989 1859 sunt
1013 1806 1168 1860 amici
1193 1807 1287 1868 tui,
1316 1807 1483 1871 DeUS,
1509 1806 1665 1860 nimis
1691 1806 1902 1859 confor'.

261 1912 359 1982 (2)
402 1911 639 1965 ORATIO.
714 1911 880 1973 DeuS,
910 1911 1123 1981 quinos
1148 1930 1244 1982 per
1281 1913 1463 1966 beatos
1500 1912 1765 1983 apostolos
1806 1911 2027 1963 Petrum
2052 1919 2106 1963 et

190 2014 414 2068 Paulum
440 2024 495 2068 et
524 2015 787 2068 Andream
814 2015 879 2068 ad
906 2016 1260 2085 cognitionem
1298 2017 1378 2071 tui
1402 2017 1628 2070 nominis
1653 2015 1829 2070 venire
1856 2015 2103 2078 tribuisti,

86 2121 113 2138 ’“
185 2122 254 2175 da
275 2121 427 2174 nobis
454 2139 634 2174 eorum
671 2121 890 2191 gloriam
917 2123 1288 2193 sempiternam
1315 2133 1370 2178 et
1395 2123 1716 2194 proficiendo
1741 2122 2022 2186 celebrare,
2052 2130 2107 2175 et

189 2228 500 2283 celebrando
525 2227 793 2298 proficere,
822 2246 916 2298 per

850 2398 923 2431 AD
962 2398 1152 2434 OMNES
1191 2398 1439 2434 SANc'ros.

265 2492 361 2560 (1.)
403 2491 528 2543 An’.
605 2490 842 2559 Corpora
867 2497 1167 2542 sanctorum
1202 2489 1255 2542 in
1295 2508 1425 2560 pace
1464 2489 1659 2562 sepulti
1686 2496 1826 2552 sunt,
1854 2494 1910 2540 et
1935 2486 2111 2540 vivent

8 2582 13 2609 '⁵
92 2635 94 2637 .
188 2589 398 2643 nomina
422 2607 603 2642 eorum
629 2588 682 2640 in
704 2599 960 2642 eternum.

263 2697 363 2765 (2.)
405 2696 529 2747 An'.
607 2695 799 2747 Sancte
828 2693 994 2746 Paule
1020 2693 1245 2764 apostoli
1269 2692 1566 2764 predicator
1589 2694 1826 2749 veritatis
1851 2704 1907 2750 et
1925 2696 2109 2750 doctor

189 2799 439 2871 gentium,
466 2798 732 2852 intercede
757 2817 853 2869 pro
877 2798 1029 2852 nobis
1055 2799 1122 2852 ad
1147 2799 1455 2864 Dominum,
1484 2800 1575 2871 qui
1601 2808 1654 2854 te
1679 2801 1856 2872 elegit.

263 2905 343 2958 V’.
383 2904 557 2961 Nimis
582 2903 822 2957 honorati
849 2912 974 2957 sunt
998 2904 1152 2958 amici
1179 2904 1273 2969 tui,
1300 2905 1468 2969 DeuS,
1495 2905 1666 2959 nimis.

823 3074 895 3109 DE
933 3072 1115 3108 PAULO
1154 3071 1450 3108 APOSTOLO.

268 3170 365 3239 (1.)
408 3169 645 3222 Ounno.
723 3167 890 3229 DeUS,
918 3167 1069 3236 cujus
1095 3165 1487 3219 multitudinem
1513 3164 1752 3234 gentium
1787 3165 1928 3218 beati
1957 3165 2110 3219 Pauli

194 3272 416 3344 apostoli
440 3271 797 3343 predicatione
822 3270 1063 3333 docuisti,
1109 3270 1193 3333 da,
1233 3287 1555 3340 quaesumuffi
1595 3278 1655 3322 ut
1694 3270 1847 3340 cujus
1871 3268 2113 3322 natalitia

193 3377 243 3442 [l
266 3377 595 3443 memoriam]
620 3377 855 3439 colimus,
883 3376 1041 3446 hujus
1066 3374 1209 3445 apud
1234 3383 1288 3428 te
1313 3371 1603 3444 patrocinia
1627 3373 1930 3435 sentiamus,
1960 3389 2057 3443 per

1865 3562 1905 3597 X
