2268 3952
226 263 327 311 134
855 272 1244 308 ANGLo-sAon
1286 272 1506 308 mrum„

515 447 523 456 ⁸
586 382 665 432 R’.
707 379 770 432 In
797 379 968 450 ymnis
994 388 1048 433 et
1073 380 1492 434 confessionibus
1518 382 1586 434 b&

647 525 659 538 .
701 486 1040 539 Ornaverunt
1062 483 1251 536 faciem
1279 483 1465 555 templi

653 629 666 643 .
706 588 1030 659 Congregati
1055 596 1180 641 sunt
1205 587 1404 643 inimici

650 735 661 747 .
701 693 966 764 Disperge
992 692 1111 746 illos
1139 692 1195 744 in
1220 691 1416 746 virtute

650 839 663 853 .
703 799 859 853 Dixit
884 799 917 853 J
922 798 1050 852 udas
1084 798 1286 852 Simoni
1311 799 1461 852 fratri

651 945 664 958 .
706 906 779 959 Et
802 923 945 958 nunc
970 904 1258 958 clamemus
1283 904 1339 957 in
1366 905 1560 958 coelum

660 1051 672 1063 .
715 1011 823 1065 Hic
848 1018 930 1064 est
953 1011 1174 1064 fratrum
1201 1018 1403 1064 amator

580 487 654 1168 ςπεςεεςπες

654 1156 667 1169 .
708 1117 849 1171 Ecce
875 1134 1032 1186 quam
1058 1116 1255 1168 bonum
1282 1123 1336 1168 et
1362 1134 1520 1186 quam

922 1300 1012 1349 ,ω’
1044 1315 1198 1350 UNDE
1239 1314 1428 1351 SUPRA.

655 1462 668 1476 .
708 1421 1002 1492 Adaperiat
1028 1420 1293 1474 Dominus
1318 1439 1410 1475 cor
1434 1429 1668 1476 vestrum

649 1568 662 1582 .
702 1529 791 1582 Da
816 1546 1016 1599 pacem,
1044 1518 1292 1591 Domine,
1318 1528 1374 1580 in
1399 1527 1588 1582 diebus
1615 1530 1809 1583 nostris

654 1674 667 1687 .
708 1634 832 1687 Tua
857 1642 940 1687 est
964 1634 1218 1704 potentia,
1246 1641 1396 1686 tuum
1424 1652 1646 1704 regnum

656 1781 668 1793 .
711 1741 945 1794 Refulsit
971 1740 1049 1794 sol
1074 1741 1129 1793 in
1155 1740 1391 1811 clippeos
1673 1732 1675 1735 ¹

581 1425 653 1900 Γῆῗῗῗξῗίἷξ

654 1887 666 1899 .
708 1847 954 1915 Lugebat
980 1854 1159 1899 autem
1183 1847 1216 1899 J
1221 1846 1376 1898 udam
1404 1864 1563 1917 super

703 2030 840 2080 n’P'A
879 2045 950 2080 m:
989 2044 1306 2081 Mmomnus
1346 2046 1670 2083 PROPHETIS.

710 2152 835 2205 Vidi
861 2152 1151 2205 Dominum
1177 2154 1447 2207 sedentem
1474 2173 1632 2226 super
1658 2156 1845 2209 solium
1873 2175 1938 2211 ex

657 2297 671 2312 .
714 2259 989 2330 Seraphim
1017 2260 1190 2313 stabat
1216 2277 1376 2330 super
1405 2279 1462 2313 se

657 2406 669 2418 .
709 2364 922 2434 Aspice,
954 2364 1199 2428 Domine,
1227 2365 1293 2417 de
1320 2365 1444 2418 sede
1471 2375 1653 2420 sancta

652 2507 664 2519 .
705 2467 815 2529 Qui
840 2466 980 2537 regis
1008 2468 1190 2532 Israel,
1220 2469 1435 2524 intende

658 2611 671 2623 .
712 2573 923 2643 Aspice,
953 2573 1199 2637 Domine,
1229 2575 1353 2646 quia
1378 2575 1518 2629 facta
1543 2584 1624 2629 est

654 2719 667 2732 .
708 2679 818 2741 Qui
842 2679 1027 2733 dicunt
1052 2681 1320 2736 exinanite

656 2823 669 2835 .
713 2785 885 2854 Super
909 2803 1088 2839 muros
1114 2794 1249 2849 tuos,
1273 2787 1579 2840 Hirusalem

654 2928 667 2942 .
708 2889 818 2951 Qui
843 2890 1179 2944 reminiscimi
1200 2930 1213 2943 .
1241 2930 1254 2943 .
1276 2930 1289 2943 .
1311 2930 1323 2943 .
1343 2931 1355 2943 .

656 3079 670 3091 .
710 3039 874 3093 Muro
900 3048 994 3093 tuo
1020 3041 1327 3111 inexpugna

653 3184 667 3198 .
707 3145 817 3207 Qui
843 3145 982 3215 regis
1005 3144 1185 3207 Israel,
1213 3144 1428 3198 intende

659 3287 672 3301 .
715 3241 1074 3303 Sustinuimus
1100 3268 1302 3320 pacem,
1330 3258 1384 3303 et
1409 3268 1514 3303 non

652 3393 665 3406 .
708 3354 1049 3409 Peccavimus
1076 3374 1195 3410 cum
1224 3355 1462 3426 patribus
1488 3355 1680 3409 nostris

586 3041 657 3509 πςυεςες
585 2154 670 2940 <essessa

643 3459 670 3509 ’.
715 3458 869 3512 Misit
895 3459 1158 3512 Dominus
1184 3459 1430 3529 angelum
1458 3477 1611 3512 suum
