2268 3952
234 307 334 358 112
861 302 1246 343 Anemo-suros
1290 298 1507 335 m'rmu„

722 424 865 478 Hinc
889 427 1111 473 mortem
1137 423 1304 469 morte
1329 413 1560 474 diruens,

660 511 946 599 Vitamque
971 524 1079 578 vita
1102 520 1347 591 largiens,

661 633 854 688 Mortis
879 630 1175 684 ministrum
1202 623 1496 685 subdolum,

662 737 949 791 Deviceras
974 730 1255 785 diabolum.

734 891 893 943 Nunc
917 888 970 940 in
997 883 1230 957 parentis
1255 882 1489 945 dextera,

668 995 883 1047 Sacrata
907 990 1116 1059 fulgens
1140 985 1368 1049 victima,

669 1098 828 1160 Audi,
856 1112 1147 1167 precamur,
1174 1091 1349 1146 vivido

666 1204 787 1256 Tuo
812 1201 1112 1271 redemptos
1138 1196 1408 1268 sanguine.

739 1355 863 1417 Quo
889 1362 943 1407 te
971 1360 1254 1423 sequentes
1280 1350 1522 1404 omnibus

672 1461 890 1514 Morum
915 1477 1166 1530 processu
1192 1457 1359 1512 seculi

670 1567 940 1620 Adversus
966 1584 1121 1619 omne
1147 1563 1453 1619 scandalum

672 1673 859 1727 Crucis
883 1672 1115 1726 feramus
1139 1671 1394 1725 labarum.

745 1827 946 1890 Presta,
978 1804 1150 1890 Pater,
1179 1843 1275 1897 per
1301 1824 1513 1888 Filium,

675 1934 862 1987 Presta
885 1951 979 2004 per
1005 1932 1202 1986 almum
1231 1931 1506 2003 Spiritum,

677 2041 815 2094 Cum
839 2040 921 2094 his
946 2058 1040 2111 per
1066 2058 1222 2093 evum
1248 2039 1443 2111 triplici

682 2147 837 2200 Unus
864 2147 1015 2200 Deus
1042 2146 1367 2217 cognomine.

1389 2238 1581 2290 ΑΜΕΝ.

1037 2388 1369 2425 ADJURATIO.

328 2482 427 2549 (1.)
470 2481 636 2544 Deus,
666 2482 757 2552 qui
782 2500 876 2553 per
913 2483 1089 2554 ignem
1128 2484 1280 2555 signa
1315 2500 1509 2554 magna
1532 2481 1831 2544 ostendens,
1861 2479 2167 2534 Habraham

252 2603 472 2655 puerum
514 2594 664 2639 tuum
687 2587 753 2641 de
793 2588 1036 2643 incendio
1065 2590 1400 2654 Caldeorum,
1449 2587 1767 2661 quibusdam
1807 2586 2168 2658 pereuntibus,

255 2691 468 2756 eruisti3
508 2694 674 2757 Deus,
706 2695 799 2766 qui
836 2697 1027 2749 rubum
1054 2697 1237 2751 ardere
1263 2696 1319 2750 in
1357 2703 1647 2768 conspectu
1673 2693 1854 2766 Moysi
1880 2700 1934 2747 et
1957 2691 2173 2745 minime
2261 2745 2265 2763 ¹

256 2797 472 2848 conburi
511 2799 822 2867 permisisti3
880 2802 1046 2866 DeUS‚
1095 2803 1187 2875 qui
1237 2805 1303 2857 ab
1348 2802 1593 2857 incendio
1638 2801 1863 2856 fornacis
1915 2798 2168 2862 Caldaici,
2262 2791 2267 2854 ἶ

259 2900 521 2972 plerisque
571 2905 850 2970 succensiS,
893 2915 1000 2961 tres
1046 2927 1238 2980 pueros
1283 2918 1404 2964 tuos
1446 2910 1641 2964 inlesos
1681 2906 1943 2970 eduxisti;
2001 2905 2205 2983 Deus,-

262 3007 367 3078 qui,
421 3007 659 3062 incendio
708 3010 844 3081 ignis
894 3015 1149 3085 populum
1203 3017 1429 3071 Sodome
1479 3025 1535 3070 et
1578 3017 1839 3070 Gamorre
1888 3011 2173 3080 involvens,

264 3111 406 3166 Loht
454 3114 704 3169 famulum
765 3126 916 3172 tuum
966 3139 1086 3174 curn
1130 3122 1239 3177 suis
1290 3124 1516 3178 salutem
1566 3120 1805 3184 donasti3
1863 3118 2030 3182 Deus,
2083 3116 2176 3190 qui

259 3228 379 3273 ante
430 3222 708 3278 adventum
758 3233 908 3279 tuum
962 3228 1143 3282 Sancti
1199 3229 1430 3301 Spiritus
1481 3230 1560 3284 tui
1617 3227 1988 3283 inlustratione
2037 3221 2176 3294 ignis

264 3322 443 3378 fideles
482 3333 601 3381 tuos
644 3330 710 3382 ab
749 3330 1049 3387 infidelibus
1090 3334 1195 3388 tuis
1238 3336 1533 3400 decrevisti,
1577 3335 1796 3390 ostende
1821 3331 1973 3387 nobis
1998 3330 2053 3383 in
2076 3329 2178 3382 hoc

266 3429 750 3524 parvitatis'nostrae
787 3437 1027 3492 examine
1065 3439 1313 3493 virtutem
1341 3440 1576 3511 ejusdem
1619 3438 1852 3511 Spiritus
1882 3434 2078 3497 Sancti,
2124 3440 2179 3487 et

269 3548 362 3600 per
385 3532 541 3603 hujus
566 3535 700 3606 ignis
737 3539 992 3595 fervorem
1030 3543 1267 3598 discerne
1306 3545 1487 3599 fideles
1528 3554 1583 3599 et
1625 3543 1880 3606 infideles,
1908 3550 1969 3596 ut
1994 3548 2168 3595 tactus
