2268 3952
246 310 345 361 170
872 316 1255 354 Anum-saxon*
1295 315 1517 352 mrum..

526 435 562 474 ic
582 435 720 473 ondeto
884 431 1003 472 driht'
1141 445 1167 483 7
1265 432 1318 470 88
1413 429 1556 469 ἱιιοῦει·
1636 427 1751 467 f'sson
1833 428 1866 466 ic
1973 427 2156 489 syngade

316 489 450 557 (39.)
493 486 763 540 Confiteor
814 485 1060 547 Domine,
1127 492 1184 537 et
1233 483 1346 546 tibi,
1400 483 1575 543 frater,
1630 481 1755 551 quia
1805 497 1905 549 ego
1948 476 2161 549 peccavi

261 572 371 613 ενίὔ8
465 574 504 612 in
624 584 823 622 smeavnge
948 583 975 621 7
1042 569 1082 608 in
1192 569 1355 620 giriorde
1457 580 1483 618 7
1555 567 1595 605 in
1705 565 1920 628 pyr-cingei
2028 577 2055 616 7
2121 563 2164 604 in

243 626 397 678 nimis
454 625 508 676 in
558 623 890 693 cogitatione,
934 632 987 674 et
1030 620 1085 673 in
1125 621 1407 682 locutione,
1449 629 1504 671 et
1546 619 1602 670 in
1651 617 1970 688 operatione,
2014 626 2069 669 et
2107 616 2163 670 in

258 713 408 762 monigv
522 709 731 772 ‘hehsynnv
827 708 868 747 in
963 706 1069 745 {Saem
1204 705 1321 744 allvm
1444 704 1564 755 yflvm
1663 703 1854 754 gismeaga
1971 701 2005 742 ic
2023 702 2164 742 maehte

242 763 421 816 multis
464 761 783 823 criminibuS,
819 760 875 812 in
914 758 1107 829 quibus
1147 757 1390 810 omnibus
1429 755 1581 809 malis
1618 755 1919 824 excogitare
1979 753 2148 826 potui,

291 849 325 888 f’
325 862 346 888 e
365 847 447 887 ’δοιι
620 848 710 886 bido
800 845 873 884 ’888
918 843 1060 884 ὃιοδειι·
1115 843 1248 896 gibidd
1303 843 1337 882 f’
1338 856 1358 881 e
1421 855 1501 882 mec
1584 841 1818 904 synnfvllne

247 908 526 972 propterea
575 916 761 970 precor
798 907 866 961 te,
906 897 1083 960 frater,
1135 913 1227 948 ora
1274 913 1370 966 pro
1407 912 1507 958 me,
1559 893 1837 966 peccatori.

562 1029 724 1069 milsend
833 1029 887 1068 sie
960 1027 1014 1067 ze
1094 1026 1237 1068 brossor
1399 1026 1504 1066 allm'
1703 1026 1779 1077 god
1860 1038 1888 1077 7
1989 1022 2025 1064 f’
2025 1024 2110 1075 gefe

323 1039 459 1151 (40.)
503 1080 788 1134 Miserator
826 1080 895 1134 sit
933 1080 1044 1144 tibi,
1077 1081 1252 1143 frater,
1289 1079 1622 1149 omnipotens
1653 1078 1820 1142 Deus,
1849 1085 1903 1131 et
1927 1077 2171 1130 demittat

265 1167 319 1207 50
444 1166 518 1206 alle
671 1180 794 1218 synne
876 1165 973 1206 sino
1061 1166 1322 1206 biliorendliea
1428 1165 1695 1205 ondveardlioa
1777 1177 1804 1216 7
1850 1163 2081 1204 toveardlioa
2139 1173 2201 1215 ἾἸ

246 1219 343 1273 tibi
395 1219 570 1272 omnia
617 1231 835 1289 peccata
883 1227 976 1272 tua
1054 1219 1341 1289 praeterita,
1421 1217 1705 1288 praesentia
1767 1227 1823 1270 et
1871 1217 2064 1278 futura,
2114 1221 2171 1268 et

299 1304 372 1343 alle
454 1303 654 1355 hehsynno
728 1317 755 1356 7
775 1318 830 1344 aec
884 1304 1050 1344 divblica
1069 1317 1195 1355 synna
1241 1303 1362 1343 88158
1390 1302 1446 1343 δν
1456 1303 1674 1366 giporhtest
1700 1303 1760 1342 fro
1803 1302 2021 1355 gigosshade
2095 1299 2170 1340 sin

248 1354 424 1408 omnia
449 1356 668 1409 crimina
705 1365 866 1427 atque
941 1356 1165 1410 scelesta
1239 1374 1361 1427 quae
1440 1355 1650 1426 gessisti
1711 1374 1744 1409 a
1773 1355 2054 1424 juventute
2079 1361 2174 1407 tua

293 1440 362 1480 viis
446 1442 487 1480 in
555 1441 629 1481 &aa
709 1442 827 1482 aeldes
966 1442 1024 1482 tid
1160 1454 1187 1494 7
1283 1443 1384 1481 alese
1440 1441 1515 1482 &ec
1587 1442 1662 1493 god
1713 1442 1773 1480 fro
1827 1441 1962 1482 aelcvm
2040 1451 2174 1495 voeroo
2253 1459 2258 1492 5

248 1511 416 1563 usque
441 1493 496 1546 in
521 1494 658 1547 hanc
682 1494 870 1547 aetatis
907 1493 1104 1558 horam,
1147 1503 1202 1547 et
1238 1494 1428 1547 liberat
1455 1502 1507 1547 te
1533 1494 1685 1547 Deus
1711 1495 1777 1547 ab
1821 1511 1974 1546 omne
2013 1491 2172 1562 opere

266 1578 385 1630 yflvm
455 1590 482 1630 7
565 1578 720 1629 gibalda
917 1579 991 1630 god
1071 1579 1112 1618 in
1177 1580 1270 1619 aeleir'
1347 1593 1478 1619 voerce
1558 1579 1656 1630 godv
1723 1591 1750 1631 7
1839 1578 1939 1618 zerh
1957 1579 2055 1618 laede
2099 1575 2175 1616 ’888

248 1630 402 1694 ma10,
431 1640 486 1684 et
511 1638 787 1684 conservat
812 1638 865 1683 te
891 1631 1081 1685 Deus
1067 1649 1124 1683 ιιι
1150 1650 1305 1685 omne
1340 1650 1499 1702 opere
1536 1632 1690 1695 bone,
1719 1639 1774 1684 et
1822 1632 2078 1702 perducat
2119 1637 2174 1683 te

247 1768 373 1835 [vel,
400 1786 507 1833 VOS,
537 1769 704 1832 Deus,
732 1769 972 1839 pariter,]
998 1718 1151 1823 Dz’ilis
1175 1725 1240 1824 gd
1268 1717 1430 1824 vitlafm
1455 1731 1724 1824 aetgiiiam.

532 1901 757 1941 'moedvmia
851 1902 972 1942 driht'
1093 1902 1123 1956 fs
1187 1903 1296 1943 ‘Bissv
1350 1904 1469 1943 bvtan
1557 1916 1683 1955 synne
1765 1902 1849 1954 vsig
1915 1900 2067 1963 gibalde

328 1955 463 2025 (41.)
504 1915 757 2024 Dignam,
787 1954 1032 2018 Domine,
1060 1956 1146 2009 die
1186 1956 1289 2009 isto
1339 1956 1453 2009 sine
1496 1964 1713 2026 peccato
1740 1973 1837 2008 nos
1863 1953 2141 2007 custodire.
2206 1967 2211 1973 ·

576 2066 696 2118 gicerr
811 2066 895 2118 vsig
982 2067 1056 2118 god
1148 2067 1325 2106 halvoen'
1435 2080 1503 2106 vsa
1603 2081 1630 2119 7
1677 2067 1736 2106 fro
1756 2080 1837 2106 cerr
1890 2068 1989 2106 iorra
2058 2064 2132 2105 &in

330 2119 464 2188 (42.)
507 2119 771 2172 Converte
792 2137 904 2183 nos,
926 2119 1094 2183 Deus,
1117 2119 1360 2172 salutaris
1376 2128 1570 2184 noster,
1590 2128 1644 2174 et
1669 2128 1847 2173 averte
1873 2119 2004 2172 iram
2030 2127 2176 2174 tuam

251 2192 314 2297 sta?
341 2205 507 2296 nugis.

578 2375 697 2414 driht'
831 2375 940 2426 giher
1075 2374 1216 2426 gibedd
1370 2376 1452 2415 min
1537 2390 1564 2428 7
1673 2378 1750 2416 ceir
1871 2378 1951 2416 min
2032 2383 2072 2415 to
2126 2374 2179 2414 88

332 2428 465 2496 (43.)
509 2427 754 2490 Domine,
782 2428 975 2480 exaudi
1001 2428 1290 2481 orationem
1316 2446 1502 2493 meam,
1531 2438 1585 2482 et
1610 2429 1807 2483 clamor
1833 2447 1982 2483 meus
2019 2428 2085 2482 ad
2124 2435 2177 2481 te

277 2512 375 2551 zerh
394 2525 501 2563 cyme

260 2565 544 2634 perveniat.

547 2695 594 2733 he
735 2696 830 2735 allra
978 2696 1131 2735 haelend
1258 2698 1366 2737 besih
1504 2699 1563 2737 of'
1672 2699 1755 2750 vsig
1865 2697 1942 2738 888
2069 2698 2165 2737 {sino

336 2746 469 2813 (44.)
512 2745 635 2815 Ipse
673 2748 906 2799 omnium
951 2748 1178 2801 salvator
1220 2750 1424 2819 respice
1470 2768 1630 2821 super
1662 2768 1758 2804 nos
1793 2750 2016 2803 famulos
2043 2758 2178 2814 tuos,

265 2830 338 2877 -pte
392 2828 448 2867 δν
465 2829 629 2880 gimilsia
736 2834 834 2871 vser’
892 2832 947 2871 ὃν
967 2832 1020 2873 &a
1061 2833 1145 2874 ιιιίὔ
1219 2835 1329 2875 ἰόᾱοι·
1407 2848 1433 2888 7
1543 2842 1650 2887 gaste
1758 2836 1869 2888 halgv
1955 2835 2077 2899 liofaJS
2135 2848 2163 2888 7

265 2889 325 2932 ut
361 2881 652 2935 miserearis
690 2884 870 2948 nostri,
912 2885 1003 2955 qui
1041 2904 1161 2938 cum
1200 2887 1358 2940 Patre
1397 2896 1452 2941 et
1492 2888 1696 2959 Spiritu
1725 2890 1920 2942 Sancto
1958 2887 2088 2941 vivis
2128 2897 2184 2942 et

291 2964 415 3004 ricmis
524 2967 599 3017 god

265 3034 452 3086 regnas
479 3018 646 3071 Deus.

551 3151 707 3191 eftbisih
790 3164 839 3191 on
926 3167 1017 3194 esnv
1115 3156 1211 3197 §inv
1296 3170 1323 3210 7
1386 3158 1428 3197 in
1483 3169 1614 3196 voerco
1682 3155 1755 3196 Sin

343 3204 476 3270 (45.)
522 3203 748 3274 Respice
789 3203 844 3255 in
884 3223 1059 3260 servos
1101 3217 1236 3273 tuos,
1284 3219 1338 3263 et
1382 3210 1435 3262 in
1481 3226 1641 3279 opera
1678 3216 1771 3262 tua
1818 3158 1953 3262 (ξι
1855 3228 1985 3280 nge
2049 3210 2184 3263 filios

314 3286 421 3326 hiora
502 3300 528 3339 7
593 3290 649 3328 sie
783 3290 864 3329 leht
1015 3294 1134 3334 driht
1225 3296 1342 3358 gode·
1451 3297 1508 3333 η’
1643 3293 1701 3333 of'
1808 3295 1892 3347 vsig
1960 3308 1987 3348 7
2044 3307 2176 3335 voerco

271 3354 467 3401 eorum,
495 3348 550 3393 et
587 3340 656 3394 sit
694 3341 940 3412 splendor
966 3344 1186 3400 Domini
1236 3347 1342 3401 Dei
1397 3346 1564 3400 nostri
1601 3364 1760 3417 super
1797 3364 1910 3412 nos,
1947 3356 2003 3402 et
2026 3364 2187 3419 opera

331 3421 457 3461 hunda
634 3438 721 3465 vsi-a
887 3428 1006 3478 giriht

268 3489 516 3526 manuum
542 3484 837 3530 nostrarum
863 3479 1044 3550 dirige.
