2268 3952
269 289 370 339 132

897 301 1287 338 ANGLQSAXON
1327 301 1550 338 RITUM..

845 418 970 478 Quo
997 425 1050 470 te
1075 423 1360 486 sequentes
1386 415 1634 467 omnibus

770 519 987 572 Morum
1013 536 1263 589 processu
1289 517 1457 603 sgculi

766 624 1037 678 Adversus
1063 641 1217 676 omne
1244 621 1550 677 scandalum

765 729 953 783 Crucis
979 729 1209 783 feramus
1235 729 1488 782 labarum.

842 880 1046 971 presta,
1078 880 1251 942 Pater,
1280 897 1375 948 per
1403 877 1614 940 Filium,

769 985 958 1074 Presta
983 1003 1078 1056 per
1103 984 1299 1038 almum
1329 982 1601 1054 Spiritum,

766 1091 904 1144 Cum
930 1090 1013 1144 his
1038 1108 1132 1160 per
1158 1107 1311 1143 evum
1339 1088 1533 1158 triplici

772 1193 928 1246 Unus
955 1193 1106 1246 Deus
1132 1191 1475 1262 cognomine;
1517 1193 1708 1244 ΑΜΕΝ.

1001 1418 1158 1469 REP’A
1198 1434 1269 1469 m:
1307 1434 1456 1470 rom.

767 1550 916 1612 Peto,
946 1549 1191 1612 Domine,
1220 1557 1281 1602 ut
1305 1549 1372 1602 de
1398 1547 1606 1602 vincula

769 1655 880 1717 Qui
905 1655 1045 1724 regis
1075 1654 1255 1717 Israel,
1284 1654 1502 1708 intende

761 1758 922 1812 Omni
951 1767 1186 1828 tempore
1211 1757 1450 1821 benedic,
1482 1758 1636 1811 Deus

763 1862 974 1915 Memor
1001 1871 1114 1915 esto
1139 1861 1234 1914 filii
1262 1879 1419 1932 quem
1444 1879 1541 1931 par

762 1966 974 2019 Memor
1003 1974 1116 2019 esto
1142 1965 1253 2028 filii,
1285 1983 1443 2036 quem

758 2070 841 2122 V’.
883 2069 1103 2123 Fiducia
1127 2087 1318 2139 magna
1343 2078 1424 2142 est

760 2176 841 2229 R'.
885 2175 1189 2228 Sufficiebat
1212 2175 1364 2228 nobis

757 2278 835 2330 V’.
877 2278 1003 2332 Heu
1028 2296 1112 2332 me
1137 2278 1305 2331 filium
1331 2286 1497 2349 utque

760 2384 845 2436 R’.
887 2384 1195 2442 Benedicite
1223 2384 1513 2440 Dominum
1540 2383 1660 2437 eoeli

761 2491 837 2543 V'.
880 2490 1121 2562 Tempus
1146 2499 1228 2544 est
1253 2499 1314 2544 ut
1337 2497 1570 2543 revertar
1616 2465 1627 2475 ⁸

760 2594 841 2646 R’.
881 2595 1120 2664 Tempus
1147 2602 1229 2648 est
1253 2602 1314 2648 ut
1338 2612 1546 2647 reverer

758 2699 839 2752 V'.
881 2699 1189 2754 Benedicite
1216 2698 1507 2752 Dominum
1527 2697 1648 2751 coeli

973 2923 1063 2972 An'
1095 2937 1249 2973 UNDE
1289 2938 1481 2973 summ.

757 3055 838 3105 A'.
878 3052 1356 3116 Ne·reminiscaris‚
1386 3053 1614 3105 Domine

759 3159 842 3211 A’.
883 3157 1046 3211 Omni
1074 3166 1309 3227 tempore
1335 3156 1557 3210 benedic

758 3265 838 3317 Α’.
881 3264 1092 3317 Memor
1117 3271 1231 3316 esto
1254 3262 1349 3315 filii
1375 3281 1532 3333 quem

755 3370 835 3422 Α’.
878 3369 1116 3440 Tempus
1142 3378 1223 3423 est
1249 3377 1309 3423 ut
1333 3375 1563 3423 revertar
