2268 3952
769 227 1157 266 ANGLO-SAXON
1198 224 1419 262 arrum..

854 434 987 486 n’P’A
1027 447 1098 483 m:
1135 445 1362 497 Jum'm.

639 547 720 599 R’.
765 542 972 597 Adonai
998 540 1226 595 Domine
1247 538 1405 592 Deus
1430 553 1636 606 magnae

704 688 716 701 .
757 647 868 709 Qui
893 645 1033 714 regis
1061 642 1243 706 Israel,
1269 641 1417 694 inten

688 755 718 806 '.
759 747 1154 829 Tyibulationes
1180 745 1281 799 civi

703 895 718 910 .
759 852 1098 909 Peccavimus
1121 868 1242 904 cum
1266 847 1507 920 patribus

710 997 724 1010 .
765 954 1050 1010 Benedixit
1076 963 1129 1007 te
1155 952 1419 1006 Dominus

706 1101 719 1115 .
759 1059 869 1123 Qui
894 1058 1034 1128 regis
1063 1056 1229 1110 Israel

709 1206 722 1221 .
762 1167 875 1219 Nos
901 1164 1062 1218 alium
1090 1163 1267 1215 Deum
1292 1178 1387 1213 nes

706 1312 719 1324 .
760 1271 869 1333 Qui
894 1268 1034 1339 regis
1062 1266 1228 1320 Israel

706 1416 719 1430 .
762 1374 1116 1430 Recordarem
1141 1371 1207 1435 ei,
1234 1368 1464 1423 Domine

709 1522 723 1536 .
764 1482 996 1551 Exurge,
1026 1476 1270 1540 Domine,
1298 1475 1508 1545 adjutor

707 1626 721 1640 .
760 1585 1075 1640 Dominator
1102 1581 1334 1635 Domine

707 1731 719 1743 .
760 1690 870 1753 Qui
895 1687 1035 1758 regis
1063 1685 1229 1739 Israel

691 1798 719 1846 ’.
759 1792 937 1846 Allide
962 1790 1157 1842 virtute

636 650 708 1847 «vesssasssws

840 1956 926 2008 Μ’
956 1969 1110 2005 UNDE
1150 1966 1341 2004 suPRA.

643 2071 721 2122 Α’.
763 2067 970 2121 Adonai
998 2063 1227 2120 Domine
1253 2063 1405 2116 Deus

642 2177 724 2228 A’.
763 2174 868 2237 Tu,
896 2171 1142 2232 Domine,
1169 2167 1256 2222 cui
1280 2164 1560 2219 humilium

733 2356 845 2407 m'A
883 2370 955 2405 DE
995 2364 1440 2405 MAanmzonuM.

499 2468 580 2519 R'.
620 2462 910 2534 Adaperiat
935 2461 1198 2514 Dominus
1224 2478 1314 2514 cor
1337 2466 1569 2512 vestrum
1595 2466 1650 2512 et
1674 2458 1728 2511 in

499 2573 579 2624 V'.
620 2567 888 2623 Exaudiet
913 2566 1175 2620 Dominus
1201 2564 1462 2618 orationes
1487 2571 1692 2618 nostras

570 2715 583 2728 .
623 2674 746 2727 Tua
770 2680 852 2726 est
875 2670 1126 2743 potentia,
1156 2678 1307 2724 tuum
1331 2686 1554 2739 regnum

569 2820 581 2832 .
623 2778 732 2841 Qui
757 2777 898 2848 regis
926 2775 1108 2839 Israel,
1136 2774 1355 2828 intende

561 2887 590 2936 '.
632 2882 864 2937 Refulsit
888 2881 967 2935 sol
991 2881 1047 2933 in
1071 2879 1296 2951 clippeis
1324 2879 1497 2933 aureis

571 3032 582 3044 .
623 2988 964 3057 Disrumpam
992 2984 1202 3038 vincula
1226 2983 1412 3055 populi

571 3134 585 3146 .
625 3094 890 3164 Impetum
906 3090 1245 3145 inimicorum
1269 3107 1337 3142 ne
1362 3087 1528 3142 timue

573 3238 587 3251 .
627 3198 903 3253 Memento
928 3205 982 3252 te
1007 3194 1323 3250 mirabilium
1349 3193 1464 3263 ejus

509 3305 589 3357 R’.
630 3303 968 3358 ornaverunt
992 3300 1179 3355 faciem
1207 3296 1389 3367 templi
1415 3313 1589 3351 coram

501 2677 571 3251 ςῦὲςωςΰὲ

512 3410 594 3462 V’.
638 3408 700 3462 In
727 3407 897 3479 ymnis
924 3415 979 3462 et
1003 3402 1420 3461 confessionibus

1949 210 2051 261 133
